
  
  
  
  
  
  
  
  
  
  
  
 
  
  <record xsi:schemaLocation="http://www.loc.gov/MARC21/slim http://www.loc.gov/standards/marcxml/schema/MARC21slim.xsd">
      <leader>00000cgm a2200781Ii 4500</leader>
      <controlfield tag="FMT">VM</controlfield>
      <controlfield tag="LDR">00000cgm a2200781Ii 4500</controlfield>
      <controlfield tag="001">006367198</controlfield>
      <controlfield tag="003">OCoLC</controlfield>
      <controlfield tag="005">20181106135535.0</controlfield>
      <controlfield tag="007">vd cvaizu</controlfield>
      <controlfield tag="008">181106t20042004ir 042            vcper d</controlfield>
      <datafield tag="020" ind1=" " ind2=" ">
         <subfield code="a">9640645257</subfield>
      </datafield>
      <datafield tag="020" ind1=" " ind2=" ">
         <subfield code="a">9789640645253</subfield>
      </datafield>
      <datafield tag="024" ind1="3" ind2=" ">
         <subfield code="a">9789640645253</subfield>
      </datafield>
      <datafield tag="035" ind1=" " ind2=" ">
         <subfield code="a">(OCoLC)58426867</subfield>
         <subfield code="z">(OCoLC)79425890</subfield>
         <subfield code="z">(OCoLC)1008520511</subfield>
      </datafield>
      <datafield tag="040" ind1=" " ind2=" ">
         <subfield code="a">IXA</subfield>
         <subfield code="b">eng</subfield>
         <subfield code="e">rda</subfield>
         <subfield code="c">IXA</subfield>
         <subfield code="d">VPI</subfield>
         <subfield code="d">OCLCF</subfield>
         <subfield code="d">OCLCQ</subfield>
         <subfield code="d">AVA</subfield>
         <subfield code="d">WAU</subfield>
         <subfield code="d">ZYU</subfield>
      </datafield>
      <datafield tag="041" ind1="0" ind2=" ">
         <subfield code="a">per</subfield>
         <subfield code="a">eng</subfield>
      </datafield>
      <datafield tag="043" ind1=" " ind2=" ">
         <subfield code="a">a-ir---</subfield>
      </datafield>
      <datafield tag="050" ind1=" " ind2="4">
         <subfield code="a">DS262.P4</subfield>
         <subfield code="b">P42 2004</subfield>
      </datafield>
      <datafield tag="079" ind1=" " ind2=" ">
         <subfield code="a">(OCoLC)58426867</subfield>
      </datafield>
      <datafield tag="082" ind1="0" ind2="4">
         <subfield code="a">935</subfield>
      </datafield>
      <datafield tag="245" ind1="0" ind2="0">
         <subfield code="6">880-01</subfield>
         <subfield code="a">Shukūh-i Takht-i Jamshīd =</subfield>
         <subfield code="b">Persepolis recreated /</subfield>
         <subfield code="c">tahīyah kunandah, Farzīn Riz̤āʼīyān, Ḥusayn Ḥaz̤ratī ; kārgardān, Farzīn Riz̤āʼīyān ; tahīyah shudah dar Shirkat-i Ṭulūʻ-i Ibtikārāt-i Taṣwīrī.</subfield>
      </datafield>
      <datafield tag="246" ind1="3" ind2="1">
         <subfield code="a">Persepolis recreated</subfield>
      </datafield>
      <datafield tag="257" ind1=" " ind2=" ">
         <subfield code="a">Iran</subfield>
         <subfield code="2">naf</subfield>
      </datafield>
      <datafield tag="264" ind1=" " ind2="4">
         <subfield code="6">880-02</subfield>
         <subfield code="3">Credits:</subfield>
         <subfield code="c">©2004</subfield>
      </datafield>
      <datafield tag="300" ind1=" " ind2=" ">
         <subfield code="a">1 videodisc (42 min.) :</subfield>
         <subfield code="b">sound, color ;</subfield>
         <subfield code="c">4 3/4 in. +</subfield>
         <subfield code="e">1 volume (72 pages : color illustrations, color maps, color portraits ; 22 x 25 cm)</subfield>
      </datafield>
      <datafield tag="336" ind1=" " ind2=" ">
         <subfield code="3">DVD</subfield>
         <subfield code="a">two-dimensional moving image</subfield>
         <subfield code="b">tdi</subfield>
         <subfield code="2">rdacontent</subfield>
      </datafield>
      <datafield tag="336" ind1=" " ind2=" ">
         <subfield code="3">volume</subfield>
         <subfield code="a">text</subfield>
         <subfield code="b">txt</subfield>
         <subfield code="2">rdacontent</subfield>
      </datafield>
      <datafield tag="337" ind1=" " ind2=" ">
         <subfield code="3">DVD</subfield>
         <subfield code="a">video</subfield>
         <subfield code="b">v</subfield>
         <subfield code="2">rdamedia</subfield>
      </datafield>
      <datafield tag="337" ind1=" " ind2=" ">
         <subfield code="3">volume</subfield>
         <subfield code="a">unmediated</subfield>
         <subfield code="b">n</subfield>
         <subfield code="2">rdamedia</subfield>
      </datafield>
      <datafield tag="338" ind1=" " ind2=" ">
         <subfield code="3">DVD</subfield>
         <subfield code="a">videodisc</subfield>
         <subfield code="b">vd</subfield>
         <subfield code="2">rdacarrier</subfield>
      </datafield>
      <datafield tag="338" ind1=" " ind2=" ">
         <subfield code="3">volume</subfield>
         <subfield code="a">volume</subfield>
         <subfield code="b">nc</subfield>
         <subfield code="2">rdacarrier</subfield>
      </datafield>
      <datafield tag="344" ind1=" " ind2=" ">
         <subfield code="3">DVD</subfield>
         <subfield code="a">digital</subfield>
         <subfield code="b">optical</subfield>
         <subfield code="2">rda</subfield>
      </datafield>
      <datafield tag="346" ind1=" " ind2=" ">
         <subfield code="3">DVD</subfield>
         <subfield code="b">NTSC</subfield>
         <subfield code="2">rda</subfield>
      </datafield>
      <datafield tag="347" ind1=" " ind2=" ">
         <subfield code="3">DVD</subfield>
         <subfield code="a">video file</subfield>
         <subfield code="b">DVD video</subfield>
         <subfield code="2">rda</subfield>
      </datafield>
      <datafield tag="380" ind1=" " ind2=" ">
         <subfield code="a">Motion pictures</subfield>
         <subfield code="a">Documentary films</subfield>
         <subfield code="2">lcgft</subfield>
      </datafield>
      <datafield tag="538" ind1=" " ind2=" ">
         <subfield code="a">DVD, NTSC.</subfield>
      </datafield>
      <datafield tag="546" ind1=" " ind2=" ">
         <subfield code="a">DVD contains Persian and English versions of the film; accompanying book has parallel text in Persian and English.</subfield>
      </datafield>
      <datafield tag="511" ind1="0" ind2=" ">
         <subfield code="a">Narrator, Aḥmad Rasūl Zādah (Persian version) ; narrator, Stephen Greif (English version).</subfield>
      </datafield>
      <datafield tag="508" ind1=" " ind2=" ">
         <subfield code="6">880-03</subfield>
         <subfield code="a">Fīlmbardār, Jahānbakhsh Mihrbakhsh, Muḥammad Riz̤ā Sāʻatchī ; grāfīk va anīmīshan, Murtaz̤á Yāhū, Mays̲am Kishāvarz ; mūzīk, Farīd Shabkhīz ; tadvīn, Farzīn Riz̤āʼīyān, Murtaz̤á Yāhū.</subfield>
      </datafield>
      <datafield tag="520" ind1=" " ind2=" ">
         <subfield code="a">A documentary film containing a visual recreation of the ancient city of Persepolis as it was 2500 years ago and narrating its history.</subfield>
      </datafield>
      <datafield tag="500" ind1=" " ind2=" ">
         <subfield code="a">Publisher also appears in the English form as Sunrise Visual Innovations Ltd.</subfield>
      </datafield>
      <datafield tag="500" ind1=" " ind2=" ">
         <subfield code="a">Issued in case (26 x 30 cm.).</subfield>
      </datafield>
      <datafield tag="500" ind1=" " ind2=" ">
         <subfield code="a">"A package of: DVD &amp; companion book"--Case.</subfield>
      </datafield>
      <datafield tag="651" ind1=" " ind2="0">
         <subfield code="a">Persepolis (Iran)</subfield>
      </datafield>
      <datafield tag="651" ind1=" " ind2="0">
         <subfield code="a">Iran</subfield>
         <subfield code="x">Antiquities.</subfield>
      </datafield>
      <datafield tag="650" ind1=" " ind2="0">
         <subfield code="a">Three-dimensional modeling</subfield>
         <subfield code="z">Iran</subfield>
         <subfield code="z">Persepolis.</subfield>
      </datafield>
      <datafield tag="651" ind1=" " ind2="7">
         <subfield code="a">Persepolis/Parsa/Persai/Sat Setun.</subfield>
         <subfield code="2">pleiades</subfield>
         <subfield code="0">https://pleiades.stoa.org/places/922695</subfield>
      </datafield>
      <datafield tag="655" ind1="0" ind2="7">
         <subfield code="a">DVDs</subfield>
         <subfield code="z">Canada</subfield>
         <subfield code="y">2004.</subfield>
         <subfield code="2">aat</subfield>
      </datafield>
      <datafield tag="655" ind1=" " ind2="7">
         <subfield code="a">Documentary films.</subfield>
         <subfield code="2">lcgft</subfield>
      </datafield>
      <datafield tag="655" ind1=" " ind2="7">
         <subfield code="a">Nonfiction films.</subfield>
         <subfield code="2">lcgft</subfield>
      </datafield>
      <datafield tag="655" ind1=" " ind2="7">
         <subfield code="a">Short films.</subfield>
         <subfield code="2">lcgft</subfield>
      </datafield>
      <datafield tag="655" ind1=" " ind2="4">
         <subfield code="a">Short films</subfield>
         <subfield code="z">Iran.</subfield>
      </datafield>
      <datafield tag="655" ind1=" " ind2="4">
         <subfield code="a">Foreign language films</subfield>
         <subfield code="x">Persian.</subfield>
      </datafield>
      <datafield tag="700" ind1="1" ind2=" ">
         <subfield code="a">Rezaeian, Farzin,</subfield>
         <subfield code="e">film director,</subfield>
         <subfield code="e">film producer.</subfield>
      </datafield>
      <datafield tag="700" ind1="1" ind2=" ">
         <subfield code="a">Hazrati, Hossein,</subfield>
         <subfield code="e">film producer.</subfield>
      </datafield>
      <datafield tag="700" ind1="1" ind2=" ">
         <subfield code="a">Greif, Stephen,</subfield>
         <subfield code="e">narrator.</subfield>
      </datafield>
      <datafield tag="700" ind1="1" ind2=" ">
         <subfield code="6">880-04</subfield>
         <subfield code="a">Rasūl Zādah, Aḥmad,</subfield>
         <subfield code="e">narrator.</subfield>
      </datafield>
      <datafield tag="710" ind1="2" ind2=" ">
         <subfield code="a">Sunrise Visual Innovations,</subfield>
         <subfield code="e">production company,</subfield>
         <subfield code="e">publisher.</subfield>
      </datafield>
      <datafield tag="730" ind1="0" ind2="2">
         <subfield code="6">880-05</subfield>
         <subfield code="i">Container of (work):</subfield>
         <subfield code="a">Shukūh-i Takht-i Jamshīd.</subfield>
      </datafield>
      <datafield tag="730" ind1="0" ind2="2">
         <subfield code="i">Container of (expression):</subfield>
         <subfield code="a">Shukūh-i Takht-i Jamshīd.</subfield>
         <subfield code="l">English.</subfield>
      </datafield>
      <datafield tag="880" ind1="0" ind2="0">
         <subfield code="6">245-01/</subfield>
         <subfield code="a">شکوه تخت جمشىد =</subfield>
         <subfield code="b">Persepolis recreated /</subfield>
         <subfield code="c">تهية کننده، فرزىن رضائيان، حسىن حضرتى ؛ کارگردان، فرزىن رضائيان ؛ تهية شده در شرکت طلوع ابتکارات تصوىرى.</subfield>
      </datafield>
      <datafield tag="880" ind1=" " ind2="1">
         <subfield code="6">264-02/</subfield>
         <subfield code="a">Tihrān, Īrān ;</subfield>
         <subfield code="a">Toronto, Canada :</subfield>
         <subfield code="b">Shirkat-i Ṭulūʻ-i Ibtikārāt-i Tasвīrī,</subfield>
         <subfield code="c">[2004]</subfield>
      </datafield>
      <datafield tag="880" ind1=" " ind2="1">
         <subfield code="6">264-00/</subfield>
         <subfield code="a">تهران، ايران :</subfield>
         <subfield code="b">شرکت طلوع ابتکارات تصوىرى،</subfield>
         <subfield code="c">[2004]</subfield>
      </datafield>
      <datafield tag="880" ind1=" " ind2=" ">
         <subfield code="6">508-03/</subfield>
         <subfield code="a">فىلمبردار، جهانبخش مهربخش، محمد رضا ساعتچى ؛ گرافىک و انىمىشن، مرتضى ىاهو، مىثم کشاورز ؛ موزىک، فرىد شبخىز ؛ تدوىن، فرزىن رضائيان، مرتضى ىاهو.</subfield>
      </datafield>
      <datafield tag="880" ind1="1" ind2=" ">
         <subfield code="6">700-04/</subfield>
         <subfield code="a">رسول زاده، احمد،</subfield>
         <subfield code="e">narrator.</subfield>
      </datafield>
      <datafield tag="880" ind1="0" ind2="2">
         <subfield code="6">730-05/</subfield>
         <subfield code="i">Container of (work):</subfield>
         <subfield code="a">شکوه تخت جمشىد.</subfield>
      </datafield>
      <datafield tag="994" ind1=" " ind2=" ">
         <subfield code="a">Z0</subfield>
         <subfield code="b">ZYU</subfield>
      </datafield>
      <datafield tag="OWN" ind1=" " ind2=" ">
         <subfield code="a">GENERAL</subfield>
      </datafield>
      <datafield tag="AVA" ind1=" " ind2=" ">
         <subfield code="a">NYU50</subfield>
         <subfield code="b">NISAW</subfield>
         <subfield code="c">Large Collection</subfield>
         <subfield code="d">DS262.P4 P42 2004 Non-circulating</subfield>
         <subfield code="e">available</subfield>
         <subfield code="t">Available</subfield>
         <subfield code="f">1</subfield>
         <subfield code="g">0</subfield>
         <subfield code="h">N</subfield>
         <subfield code="i">0</subfield>
         <subfield code="j">LARGE</subfield>
         <subfield code="k">0</subfield>
      </datafield>
      <marc:datafield tag="852" ind1=" " ind2=" ">
         <marc:subfield code="b">Institute for the Study of the Ancient World, </marc:subfield>
         <marc:subfield code="c">Large Collection</marc:subfield>
         <marc:subfield code="e">15 East 84th St., </marc:subfield>
         <marc:subfield code="e">New York, NY  10028</marc:subfield>
      </marc:datafield>
   </record>