
  
  
  
  
  
  
  
  
  
  
  
  
  
  
 
  
  <record xsi:schemaLocation="http://www.loc.gov/MARC21/slim http://www.loc.gov/standards/marcxml/schema/MARC21slim.xsd">
      <leader>00000cam a22005774a 4500</leader>
      <controlfield tag="FMT">BK</controlfield>
      <controlfield tag="LDR">00000cam a22005774a 4500</controlfield>
      <controlfield tag="001">006368384</controlfield>
      <controlfield tag="003">OCoLC</controlfield>
      <controlfield tag="005">20181107121001.0</controlfield>
      <controlfield tag="008">181107s2008    it a     b    100 0 ita c</controlfield>
      <datafield tag="020" ind1=" " ind2=" ">
         <subfield code="a">9788871403892</subfield>
      </datafield>
      <datafield tag="020" ind1=" " ind2=" ">
         <subfield code="a">8871403894</subfield>
      </datafield>
      <datafield tag="035" ind1=" " ind2=" ">
         <subfield code="a">(OCoLC)298776654</subfield>
      </datafield>
      <datafield tag="040" ind1=" " ind2=" ">
         <subfield code="a">C3L</subfield>
         <subfield code="b">eng</subfield>
         <subfield code="c">C3L</subfield>
         <subfield code="d">ERASA</subfield>
         <subfield code="d">NLGGC</subfield>
         <subfield code="d">CGU</subfield>
         <subfield code="d">GEBAY</subfield>
         <subfield code="d">DEBBG</subfield>
         <subfield code="d">OCLCO</subfield>
         <subfield code="d">OCLCQ</subfield>
         <subfield code="d">OCLCF</subfield>
         <subfield code="d">OCLCO</subfield>
         <subfield code="d">ZYU</subfield>
      </datafield>
      <datafield tag="042" ind1=" " ind2=" ">
         <subfield code="a">pcc</subfield>
      </datafield>
      <datafield tag="043" ind1=" " ind2=" ">
         <subfield code="a">e-it---</subfield>
      </datafield>
      <datafield tag="045" ind1=" " ind2=" ">
         <subfield code="a">a0b0</subfield>
      </datafield>
      <datafield tag="050" ind1=" " ind2="4">
         <subfield code="a">DG223.2</subfield>
         <subfield code="b">.C659 2007</subfield>
      </datafield>
      <datafield tag="082" ind1="0" ind2="4">
         <subfield code="a">937</subfield>
         <subfield code="2">21</subfield>
      </datafield>
      <datafield tag="084" ind1=" " ind2=" ">
         <subfield code="a">15.30</subfield>
         <subfield code="2">bcl</subfield>
      </datafield>
      <datafield tag="084" ind1=" " ind2=" ">
         <subfield code="a">6,11</subfield>
         <subfield code="2">ssgn</subfield>
      </datafield>
      <datafield tag="084" ind1=" " ind2=" ">
         <subfield code="a">8,2</subfield>
         <subfield code="2">ssgn</subfield>
      </datafield>
      <datafield tag="111" ind1="2" ind2=" ">
         <subfield code="a">Convegno internazionale di studi sulla storia e l'archeologia dell'Etruria</subfield>
         <subfield code="n">(15th :</subfield>
         <subfield code="d">2007 :</subfield>
         <subfield code="c">Orvieto, Italy)</subfield>
      </datafield>
      <datafield tag="245" ind1="1" ind2="3">
         <subfield code="a">La colonizzazione etrusca in Italia :</subfield>
         <subfield code="b">atti del XV Convegno internazionale di studi sulla storia e l'archeologia dell'Etruria /</subfield>
         <subfield code="c">a cura di Giuseppe M. Della Fina.</subfield>
      </datafield>
      <datafield tag="260" ind1=" " ind2=" ">
         <subfield code="a">Orvieto (Terni) :</subfield>
         <subfield code="b">Fondazione per il Museo Claudio Faina ;</subfield>
         <subfield code="a">Roma :</subfield>
         <subfield code="b">Quasar,</subfield>
         <subfield code="c">2008.</subfield>
      </datafield>
      <datafield tag="300" ind1=" " ind2=" ">
         <subfield code="a">478 pages :</subfield>
         <subfield code="b">illustrations ;</subfield>
         <subfield code="c">24 cm.</subfield>
      </datafield>
      <datafield tag="336" ind1=" " ind2=" ">
         <subfield code="a">text</subfield>
         <subfield code="b">txt</subfield>
         <subfield code="2">rdacontent</subfield>
      </datafield>
      <datafield tag="337" ind1=" " ind2=" ">
         <subfield code="a">unmediated</subfield>
         <subfield code="b">n</subfield>
         <subfield code="2">rdamedia</subfield>
      </datafield>
      <datafield tag="338" ind1=" " ind2=" ">
         <subfield code="a">volume</subfield>
         <subfield code="b">nc</subfield>
         <subfield code="2">rdacarrier</subfield>
      </datafield>
      <datafield tag="490" ind1="1" ind2=" ">
         <subfield code="a">Annali della Fondazione per il Museo Claudio Faina ;</subfield>
         <subfield code="v">15</subfield>
      </datafield>
      <datafield tag="500" ind1=" " ind2=" ">
         <subfield code="a">Proceedings, Orvieto (Terni), 2007.</subfield>
      </datafield>
      <datafield tag="504" ind1=" " ind2=" ">
         <subfield code="a">Includes bibliographical references.</subfield>
      </datafield>
      <datafield tag="505" ind1="0" ind2="0">
         <subfield code="t">Presentazione /</subfield>
         <subfield code="r">Isidoro Galluccio --</subfield>
         <subfield code="t">Introduzione /</subfield>
         <subfield code="r">Giovanni Pugliese Carratelli --</subfield>
         <subfield code="t">Sulla colonizzazione etrusca : aspetti e problem /</subfield>
         <subfield code="r">Giovanni Camporeale --</subfield>
         <subfield code="t">Etruschie e Umbri in Val Padana /</subfield>
         <subfield code="r">Giuseppe Colonna --</subfield>
         <subfield code="t">Gli Etruschi nella Valle del Po /</subfield>
         <subfield code="r">Giuseppe Sassatelli --</subfield>
         <subfield code="t">Aspetti degli influssi dell'espansione etrusca in Val Padana verso la civiltà di Golasecca /</subfield>
         <subfield code="r">Raffaele C. de Marinis --</subfield>
         <subfield code="t">Armi e organizzazione militare in Etruria Padana /</subfield>
         <subfield code="r">Luigi Malnati --</subfield>
         <subfield code="t">Armati e tombe con armi nella società dell'Etruria Padana : analisi di alcuni documenti /</subfield>
         <subfield code="r">Armando Cherici --</subfield>
         <subfield code="t">Intorno al cippo II di Rubiera /</subfield>
         <subfield code="r">Petra Amann --</subfield>
         <subfield code="t">Modelli di interazione fra le città dell'Etruria interna nel VI secolo /</subfield>
         <subfield code="r">Patrizia Gastaldi --</subfield>
         <subfield code="t">Volterra e Fiesole nei fenomeni di colonizzazione : qualche appunto sul caso fiesolano /</subfield>
         <subfield code="r">Stefano Bruni --</subfield>
         <subfield code="t">Ai margini della colonizzazione : Etruschi e Veneti nel VI sec. a.C. /</subfield>
         <subfield code="r">Adriano Maggiani --</subfield>
         <subfield code="t">Rapporti fra Etruschi e mondo ligure /</subfield>
         <subfield code="r">Roberto Macellari --</subfield>
         <subfield code="t">La Campania : i fenomeni di colonizzazione /</subfield>
         <subfield code="r">Luca Cerchiai --</subfield>
         <subfield code="t">Pontecagnano : la scrittura e l'onomastica in una comunità etrusca di frontier /</subfield>
         <subfield code="r">Carmine Pellegrino --</subfield>
         <subfield code="t">Indizi di una presenza coloniale etrusco-tiberina nella chora di Adria /</subfield>
         <subfield code="r">Maurizio Harari.</subfield>
      </datafield>
      <datafield tag="650" ind1=" " ind2="0">
         <subfield code="a">Etruscans</subfield>
         <subfield code="x">Colonies</subfield>
         <subfield code="v">Congresses.</subfield>
      </datafield>
      <datafield tag="651" ind1=" " ind2="7">
         <subfield code="a">Italia.</subfield>
         <subfield code="2">pleiades</subfield>
         <subfield code="0">https://pleiades.stoa.org/places/1052</subfield>
      </datafield>
      <datafield tag="655" ind1=" " ind2="7">
         <subfield code="a">Conference papers and proceedings.</subfield>
         <subfield code="2">fast</subfield>
         <subfield code="0">(OCoLC)fst01423772</subfield>
      </datafield>
      <datafield tag="700" ind1="1" ind2=" ">
         <subfield code="a">Della Fina, Giuseppe M.</subfield>
      </datafield>
      <datafield tag="830" ind1=" " ind2="0">
         <subfield code="a">Annali della Fondazione per il Museo Claudio Faina ;</subfield>
         <subfield code="v">15.</subfield>
      </datafield>
      <datafield tag="856" ind1="4" ind2="1">
         <subfield code="3">Table of contents</subfield>
         <subfield code="u">http://bvbr.bib-bvb.de:8991/F?func=service&amp;doc_library=BVB01&amp;doc_number=017159284&amp;line_number=0001&amp;func_code=DB_RECORDS&amp;service_type=MEDIA</subfield>
      </datafield>
      <datafield tag="856" ind1=" " ind2=" ">
         <subfield code="u">http://bvbr.bib-bvb.de:8991/F?func=service&amp;doc_library=BVB01&amp;local_base=BVB01&amp;doc_number=017159284&amp;line_number=0001&amp;func_code=DB_RECORDS&amp;service_type=MEDIA</subfield>
         <subfield code="z">Inhaltsverzeichnis</subfield>
      </datafield>
      <datafield tag="994" ind1=" " ind2=" ">
         <subfield code="a">Z0</subfield>
         <subfield code="b">ZYU</subfield>
      </datafield>
      <datafield tag="OWN" ind1=" " ind2=" ">
         <subfield code="a">GENERAL</subfield>
      </datafield>
      <datafield tag="AVA" ind1=" " ind2=" ">
         <subfield code="a">NYU50</subfield>
         <subfield code="b">NISAW</subfield>
         <subfield code="c">Small Collection</subfield>
         <subfield code="d">DG223.2 .C659 2007 Non-circulating</subfield>
         <subfield code="e">available</subfield>
         <subfield code="t">Available</subfield>
         <subfield code="f">1</subfield>
         <subfield code="g">0</subfield>
         <subfield code="h">N</subfield>
         <subfield code="i">0</subfield>
         <subfield code="j">SMALL</subfield>
         <subfield code="k">0</subfield>
      </datafield>
      <marc:datafield tag="852" ind1=" " ind2=" ">
         <marc:subfield code="b">Institute for the Study of the Ancient World, </marc:subfield>
         <marc:subfield code="c">Small Collection</marc:subfield>
         <marc:subfield code="e">15 East 84th St., </marc:subfield>
         <marc:subfield code="e">New York, NY  10028</marc:subfield>
      </marc:datafield>
   </record>