
  
  
  
  
  
  
  
  
  
  
  
  
  
  
 
  
  <record xsi:schemaLocation="http://www.loc.gov/MARC21/slim http://www.loc.gov/standards/marcxml/schema/MARC21slim.xsd">
      <leader>00000nam a2200301 a 4500</leader>
      <controlfield tag="FMT">BK</controlfield>
      <controlfield tag="LDR">00000nam a2200301 a 4500</controlfield>
      <controlfield tag="001">000259961</controlfield>
      <controlfield tag="003">NNU</controlfield>
      <controlfield tag="005">20181107161424.0</controlfield>
      <controlfield tag="008">050513s2005    pauabef  b    001 0 eng</controlfield>
      <datafield tag="010" ind1=" " ind2=" ">
         <subfield code="a">2005014177</subfield>
      </datafield>
      <datafield tag="020" ind1=" " ind2=" ">
         <subfield code="a">1931534144 (hardcover : alk. paper)</subfield>
      </datafield>
      <datafield tag="035" ind1="9" ind2=" ">
         <subfield code="a">NYUb13233496</subfield>
      </datafield>
      <datafield tag="035" ind1=" " ind2=" ">
         <subfield code="a">(PU)3915342</subfield>
      </datafield>
      <datafield tag="035" ind1=" " ind2=" ">
         <subfield code="a">(CStRLIN)PAUGV3915342-B</subfield>
      </datafield>
      <datafield tag="040" ind1=" " ind2=" ">
         <subfield code="a">DLC</subfield>
         <subfield code="c">DLC</subfield>
         <subfield code="d">YDX</subfield>
         <subfield code="d">BAKER</subfield>
         <subfield code="d">NNU</subfield>
      </datafield>
      <datafield tag="042" ind1=" " ind2=" ">
         <subfield code="a">pcc</subfield>
      </datafield>
      <datafield tag="043" ind1=" " ind2=" ">
         <subfield code="a">e-gr---</subfield>
      </datafield>
      <datafield tag="050" ind1="0" ind2="0">
         <subfield code="a">NA267</subfield>
         <subfield code="b">.P37 2005</subfield>
      </datafield>
      <datafield tag="079" ind1=" " ind2=" ">
         <subfield code="a">(OCoLC)60375547</subfield>
      </datafield>
      <datafield tag="082" ind1="0" ind2="0">
         <subfield code="a">722/.61</subfield>
         <subfield code="2">22</subfield>
      </datafield>
      <datafield tag="100" ind1="1" ind2=" ">
         <subfield code="a">Palyvou, Klairē.</subfield>
      </datafield>
      <datafield tag="245" ind1="1" ind2="0">
         <subfield code="a">Akrotiri Thera :</subfield>
         <subfield code="b">an architecture of affluence 3,500 years old /</subfield>
         <subfield code="c">by Clairy Palyvou.</subfield>
      </datafield>
      <datafield tag="260" ind1=" " ind2=" ">
         <subfield code="a">Philadelphia, Pa. :</subfield>
         <subfield code="b">INSTAP Academic Press,</subfield>
         <subfield code="c">2005.</subfield>
      </datafield>
      <datafield tag="300" ind1=" " ind2=" ">
         <subfield code="a">xxv, 209 p., 4 p. of plates :</subfield>
         <subfield code="b">ill. (some col.), maps, plans ;</subfield>
         <subfield code="c">29 cm.</subfield>
      </datafield>
      <datafield tag="490" ind1="1" ind2=" ">
         <subfield code="a">Prehistory monographs ;</subfield>
         <subfield code="v">15</subfield>
      </datafield>
      <datafield tag="500" ind1=" " ind2=" ">
         <subfield code="a">ISAW copy is from the library of Lawrence E. Stager.</subfield>
         <subfield code="5">NyNyUAW</subfield>
      </datafield>
      <datafield tag="504" ind1=" " ind2=" ">
         <subfield code="a">Includes bibliographical references (p. [191]-196) and index.</subfield>
      </datafield>
      <datafield tag="505" ind1="0" ind2="0">
         <subfield code="g">1.</subfield>
         <subfield code="t">The volcanic fate of Thera --</subfield>
         <subfield code="g">2.</subfield>
         <subfield code="t">The archaeologist : an unexpected visitor 3,500 years later --</subfield>
         <subfield code="g">3.</subfield>
         <subfield code="t">The settlement pattern of Thera during the 2nd millennium B.C. --</subfield>
         <subfield code="g">4.</subfield>
         <subfield code="t">The Akrotiri region : landscape, past and present --</subfield>
         <subfield code="g">5.</subfield>
         <subfield code="t">The town --</subfield>
         <subfield code="g">6.</subfield>
         <subfield code="t">The buildings --</subfield>
         <subfield code="g">7.</subfield>
         <subfield code="t">A guided tour through the town --</subfield>
         <subfield code="g">8.</subfield>
         <subfield code="t">A synopsis of the Theran house model --</subfield>
         <subfield code="g">9.</subfield>
         <subfield code="t">The art of building : materials and techniques --</subfield>
         <subfield code="g">10.</subfield>
         <subfield code="t">Design and morphology --</subfield>
         <subfield code="g">11.</subfield>
         <subfield code="t">Reconciling with the wrath of Engelados --</subfield>
         <subfield code="g">12.</subfield>
         <subfield code="t">Thera and her neighbors in a time of opulence.</subfield>
      </datafield>
      <datafield tag="650" ind1=" " ind2="0">
         <subfield code="a">Architecture, Minoan</subfield>
         <subfield code="z">Greece</subfield>
         <subfield code="z">Akrōtērion.</subfield>
      </datafield>
      <datafield tag="650" ind1=" " ind2="0">
         <subfield code="a">Architecture, Domestic</subfield>
         <subfield code="z">Greece</subfield>
         <subfield code="z">Akrōtērion.</subfield>
      </datafield>
      <datafield tag="651" ind1=" " ind2="0">
         <subfield code="a">Akrōtērion (Greece)</subfield>
         <subfield code="x">Antiquities.</subfield>
      </datafield>
      <datafield tag="651" ind1=" " ind2="7">
         <subfield code="a">Akrotiri.</subfield>
         <subfield code="2">pleiades</subfield>
         <subfield code="0">https://pleiades.stoa.org/places/599478</subfield>
         <subfield code="5">NyNyUAW</subfield>
      </datafield>
      <datafield tag="700" ind1="1" ind2=" ">
         <subfield code="a">Stager, Lawrence E.,</subfield>
         <subfield code="e">former owner.</subfield>
         <subfield code="5">NyNyUAW</subfield>
      </datafield>
      <datafield tag="740" ind1="0" ind2=" ">
         <subfield code="a">Stager Collection.</subfield>
         <subfield code="5">NyNyUAW</subfield>
      </datafield>
      <datafield tag="856" ind1="4" ind2="2">
         <subfield code="3">Table of contents</subfield>
         <subfield code="u">http://www.loc.gov/catdir/toc/ecip0512/2005014177.html</subfield>
      </datafield>
      <datafield tag="830" ind1=" " ind2="0">
         <subfield code="a">Prehistory monographs ;</subfield>
         <subfield code="v">15.</subfield>
      </datafield>
      <datafield tag="OWN" ind1=" " ind2=" ">
         <subfield code="a">GENERAL</subfield>
      </datafield>
      <datafield tag="AVA" ind1=" " ind2=" ">
         <subfield code="a">NYU50</subfield>
         <subfield code="b">NIFA</subfield>
         <subfield code="c">Main Collection</subfield>
         <subfield code="d">NA267 .P37 2005 Non-circulating</subfield>
         <subfield code="e">available</subfield>
         <subfield code="t">Available</subfield>
         <subfield code="f">1</subfield>
         <subfield code="g">0</subfield>
         <subfield code="h">N</subfield>
         <subfield code="i">0</subfield>
         <subfield code="j">MAIN</subfield>
         <subfield code="k">0</subfield>
      </datafield>
      <datafield tag="AVA" ind1=" " ind2=" ">
         <subfield code="a">NYU50</subfield>
         <subfield code="b">NISAW</subfield>
         <subfield code="c">Large Collection</subfield>
         <subfield code="d">NA267 .P37 2005 Non-circulating</subfield>
         <subfield code="e">available</subfield>
         <subfield code="t">Available</subfield>
         <subfield code="f">1</subfield>
         <subfield code="g">0</subfield>
         <subfield code="h">N</subfield>
         <subfield code="i">0</subfield>
         <subfield code="j">LARGE</subfield>
         <subfield code="k">0</subfield>
      </datafield>
      <marc:datafield tag="852" ind1=" " ind2=" ">
         <marc:subfield code="b">Institute for the Study of the Ancient World, </marc:subfield>
         <marc:subfield code="c">Large Collection</marc:subfield>
         <marc:subfield code="e">15 East 84th St., </marc:subfield>
         <marc:subfield code="e">New York, NY  10028</marc:subfield>
      </marc:datafield>
   </record>