
  
  
  
  
  
  
  
  
  
  
  
  
  
 
  
  <record xsi:schemaLocation="http://www.loc.gov/MARC21/slim http://www.loc.gov/standards/marcxml/schema/MARC21slim.xsd">
      <leader>00000cam a2200829 i 4500</leader>
      <controlfield tag="FMT">BK</controlfield>
      <controlfield tag="LDR">00000cam a2200829 i 4500</controlfield>
      <controlfield tag="001">004311122</controlfield>
      <controlfield tag="003">OCoLC</controlfield>
      <controlfield tag="005">20181109165358.0</controlfield>
      <controlfield tag="008">160527s2015    nyuab    b    001 0 eng</controlfield>
      <datafield tag="010" ind1=" " ind2=" ">
         <subfield code="a">2014028418</subfield>
      </datafield>
      <datafield tag="020" ind1=" " ind2=" ">
         <subfield code="a">9780062316097</subfield>
         <subfield code="q">(hardback)</subfield>
      </datafield>
      <datafield tag="020" ind1=" " ind2=" ">
         <subfield code="a">0062316095</subfield>
         <subfield code="q">(hardback)</subfield>
      </datafield>
      <datafield tag="020" ind1=" " ind2=" ">
         <subfield code="a">0062316095</subfield>
      </datafield>
      <datafield tag="020" ind1=" " ind2=" ">
         <subfield code="a">9780062316110</subfield>
         <subfield code="q">(trade paperback)</subfield>
      </datafield>
      <datafield tag="020" ind1=" " ind2=" ">
         <subfield code="a">0062316117</subfield>
         <subfield code="q">(trade paperback)</subfield>
      </datafield>
      <datafield tag="020" ind1=" " ind2=" ">
         <subfield code="z">9780062316103</subfield>
         <subfield code="q">(ebook)</subfield>
      </datafield>
      <datafield tag="024" ind1="3" ind2=" ">
         <subfield code="a">9780062316097</subfield>
      </datafield>
      <datafield tag="035" ind1=" " ind2=" ">
         <subfield code="a">(OCoLC)896791508</subfield>
         <subfield code="z">(OCoLC)870564085</subfield>
         <subfield code="z">(OCoLC)902701563</subfield>
         <subfield code="z">(OCoLC)902837525</subfield>
         <subfield code="z">(OCoLC)903697450</subfield>
         <subfield code="z">(OCoLC)910091157</subfield>
         <subfield code="z">(OCoLC)935947326</subfield>
      </datafield>
      <datafield tag="040" ind1=" " ind2=" ">
         <subfield code="a">DLC</subfield>
         <subfield code="b">eng</subfield>
         <subfield code="e">rda</subfield>
         <subfield code="c">DLC</subfield>
         <subfield code="d">IG#</subfield>
         <subfield code="d">UPZ</subfield>
         <subfield code="d">YDXCP</subfield>
         <subfield code="d">BDX</subfield>
         <subfield code="d">GK8</subfield>
         <subfield code="d">JAI</subfield>
         <subfield code="d">ZHB</subfield>
         <subfield code="d">BKL</subfield>
         <subfield code="d">ILC</subfield>
         <subfield code="d">JQM</subfield>
         <subfield code="d">UOK</subfield>
         <subfield code="d">YAM</subfield>
         <subfield code="d">AZT</subfield>
         <subfield code="d">DAC</subfield>
         <subfield code="d">OCLCF</subfield>
         <subfield code="d">DAD</subfield>
         <subfield code="d">NDS</subfield>
         <subfield code="d">YBM</subfield>
         <subfield code="d">COO</subfield>
         <subfield code="d">IXA</subfield>
         <subfield code="d">CIA</subfield>
         <subfield code="d">MEAUC</subfield>
         <subfield code="d">OMB</subfield>
         <subfield code="d">BTCTA</subfield>
         <subfield code="d">TLE</subfield>
         <subfield code="d">BUR</subfield>
         <subfield code="d">CGN</subfield>
         <subfield code="d">DEBSZ</subfield>
         <subfield code="d">VLR</subfield>
         <subfield code="d">SDW</subfield>
         <subfield code="d">NLNAT</subfield>
         <subfield code="d">KOL</subfield>
         <subfield code="d">S3O</subfield>
         <subfield code="d">ZWZ</subfield>
         <subfield code="d">NNU</subfield>
      </datafield>
      <datafield tag="041" ind1="1" ind2=" ">
         <subfield code="a">eng</subfield>
         <subfield code="h">heb</subfield>
      </datafield>
      <datafield tag="042" ind1=" " ind2=" ">
         <subfield code="a">pcc</subfield>
      </datafield>
      <datafield tag="050" ind1="0" ind2="0">
         <subfield code="a">CB113.H4</subfield>
         <subfield code="b">H3713 2015</subfield>
      </datafield>
      <datafield tag="079" ind1=" " ind2=" ">
         <subfield code="a">(OCoLC)896791508</subfield>
      </datafield>
      <datafield tag="082" ind1="0" ind2="0">
         <subfield code="a">909</subfield>
         <subfield code="2">23</subfield>
      </datafield>
      <datafield tag="084" ind1=" " ind2=" ">
         <subfield code="a">SCI027000</subfield>
         <subfield code="a">SCI086000</subfield>
         <subfield code="a">SCI000000</subfield>
         <subfield code="2">bisacsh</subfield>
      </datafield>
      <datafield tag="100" ind1="1" ind2=" ">
         <subfield code="a">Harari, Yuval N.</subfield>
      </datafield>
      <datafield tag="240" ind1="1" ind2="0">
         <subfield code="a">Ḳitsur toldot ha-enoshut.</subfield>
         <subfield code="l">English</subfield>
      </datafield>
      <datafield tag="245" ind1="1" ind2="0">
         <subfield code="a">Sapiens :</subfield>
         <subfield code="b">a brief history of humankind /</subfield>
         <subfield code="c">Yuval Noah Harari.</subfield>
      </datafield>
      <datafield tag="250" ind1=" " ind2=" ">
         <subfield code="a">First U.S. edition.</subfield>
      </datafield>
      <datafield tag="264" ind1=" " ind2="1">
         <subfield code="a">New York :</subfield>
         <subfield code="b">Harper,</subfield>
         <subfield code="c">[2015]</subfield>
      </datafield>
      <datafield tag="300" ind1=" " ind2=" ">
         <subfield code="a">443 pages :</subfield>
         <subfield code="b">illustrations, map ;</subfield>
         <subfield code="c">24 cm</subfield>
      </datafield>
      <datafield tag="336" ind1=" " ind2=" ">
         <subfield code="a">text</subfield>
         <subfield code="b">txt</subfield>
         <subfield code="2">rdacontent</subfield>
      </datafield>
      <datafield tag="337" ind1=" " ind2=" ">
         <subfield code="a">unmediated</subfield>
         <subfield code="b">n</subfield>
         <subfield code="2">rdamedia</subfield>
      </datafield>
      <datafield tag="338" ind1=" " ind2=" ">
         <subfield code="a">volume</subfield>
         <subfield code="b">nc</subfield>
         <subfield code="2">rdacarrier</subfield>
      </datafield>
      <datafield tag="500" ind1=" " ind2=" ">
         <subfield code="a">ISAW copy is from the library of Lawrence E. Stager.</subfield>
         <subfield code="5">NyNyUAW</subfield>
      </datafield>
      <datafield tag="520" ind1=" " ind2=" ">
         <subfield code="a">"From a renowned historian comes a groundbreaking narrative of humanity's creation and evolution--a #1 international bestseller--that explores the ways in which biology and history have defined us and enhanced our understanding of what it means to be 'human.' One hundred thousand years ago, at least six different species of humans inhabited Earth. Yet today there is only one--homo sapiens. What happened to the others? And what may happen to us? Most books about the history of humanity pursue either a historical or a biological approach, but Dr. Yuval Noah Harari breaks the mold with this highly original book that begins about 70,000 years ago with the appearance of modern cognition. From examining the role evolving humans have played in the global ecosystem to charting the rise of empires, Sapiens integrates history and science to reconsider accepted narratives, connect past developments with contemporary concerns, and examine specific events within the context of larger ideas. Dr. Harari also compels us to look ahead, because over the last few decades humans have begun to bend laws of natural selection that have governed life for the past four billion years. We are acquiring the ability to design not only the world around us, but also ourselves. Where is this leading us, and what do we want to become? Featuring 27 photographs, 6 maps, and 25 illustrations/diagrams, this provocative and insightful work is sure to spark debate and is essential reading for aficionados of Jared Diamond, James Gleick, Matt Ridley, Robert Wright, and Sharon Moalem"--</subfield>
         <subfield code="c">Provided by publisher.</subfield>
      </datafield>
      <datafield tag="504" ind1=" " ind2=" ">
         <subfield code="a">Includes bibliographical references and index.</subfield>
      </datafield>
      <datafield tag="505" ind1="0" ind2=" ">
         <subfield code="a">Timeline of history -- pt. One : The cognitive revolution : An animal of no significance ; The tree of knowledge ; A day in the life of Adam and Eve ; The flood -- pt. Two. The agricultural revolution : History's biggest fraud ; Building pyramids ; Memory overload ; There is no justice in history -- pt. Three. The unification of humankind : The arrow of history ; The scent of money ; Imperial visions ; The law of religion ; The secret of success -- pt. Four. The scientific revolution : The discovery of ignorance ; The marriage of science and empire ; The capitalist creed ; The wheels of industry ; A permanent revolution ; And they lived happily ever after ; The end of Homo sapiens -- Afterword: The animal that became a god.</subfield>
      </datafield>
      <datafield tag="650" ind1=" " ind2="0">
         <subfield code="a">Civilization</subfield>
         <subfield code="x">History.</subfield>
      </datafield>
      <datafield tag="650" ind1=" " ind2="0">
         <subfield code="a">Human beings</subfield>
         <subfield code="x">History.</subfield>
      </datafield>
      <datafield tag="650" ind1=" " ind2="0">
         <subfield code="a">World history.</subfield>
      </datafield>
      <datafield tag="650" ind1=" " ind2="0">
         <subfield code="a">Chronology, Historical.</subfield>
      </datafield>
      <datafield tag="650" ind1=" " ind2="0">
         <subfield code="a">Technology and civilization</subfield>
         <subfield code="x">History.</subfield>
      </datafield>
      <datafield tag="650" ind1=" " ind2="7">
         <subfield code="a">SCIENCE</subfield>
         <subfield code="x">Life Sciences</subfield>
         <subfield code="x">Evolution.</subfield>
         <subfield code="2">bisacsh</subfield>
      </datafield>
      <datafield tag="650" ind1=" " ind2="7">
         <subfield code="a">SCIENCE</subfield>
         <subfield code="x">Life Sciences</subfield>
         <subfield code="x">General.</subfield>
         <subfield code="2">bisacsh</subfield>
      </datafield>
      <datafield tag="650" ind1=" " ind2="7">
         <subfield code="a">SCIENCE</subfield>
         <subfield code="x">General.</subfield>
         <subfield code="2">bisacsh</subfield>
      </datafield>
      <datafield tag="650" ind1=" " ind2="7">
         <subfield code="a">Chronology, Historical.</subfield>
         <subfield code="2">fast</subfield>
         <subfield code="0">(OCoLC)fst00860207</subfield>
      </datafield>
      <datafield tag="650" ind1=" " ind2="7">
         <subfield code="a">Civilization.</subfield>
         <subfield code="2">fast</subfield>
         <subfield code="0">(OCoLC)fst00862898</subfield>
      </datafield>
      <datafield tag="650" ind1=" " ind2="7">
         <subfield code="a">Human beings.</subfield>
         <subfield code="2">fast</subfield>
         <subfield code="0">(OCoLC)fst00962832</subfield>
      </datafield>
      <datafield tag="650" ind1=" " ind2="7">
         <subfield code="a">Technology and civilization.</subfield>
         <subfield code="2">fast</subfield>
         <subfield code="0">(OCoLC)fst01145253</subfield>
      </datafield>
      <datafield tag="650" ind1=" " ind2="7">
         <subfield code="a">World history.</subfield>
         <subfield code="2">fast</subfield>
         <subfield code="0">(OCoLC)fst01181345</subfield>
      </datafield>
      <datafield tag="655" ind1=" " ind2="7">
         <subfield code="a">History.</subfield>
         <subfield code="2">fast</subfield>
         <subfield code="0">(OCoLC)fst01411628</subfield>
      </datafield>
      <datafield tag="700" ind1="1" ind2=" ">
         <subfield code="a">Stager, Lawrence E.,</subfield>
         <subfield code="e">former owner.</subfield>
         <subfield code="5">NyNyUAW</subfield>
      </datafield>
      <datafield tag="740" ind1="0" ind2=" ">
         <subfield code="a">Stager Collection.</subfield>
         <subfield code="5">NyNyUAW</subfield>
      </datafield>
      <datafield tag="856" ind1="4" ind2="2">
         <subfield code="3">Cover image</subfield>
         <subfield code="u">http://static.harpercollins.com/harperimages/isbn/large/7/9780062316097.jpg</subfield>
      </datafield>
      <datafield tag="856" ind1="4" ind2="2">
         <subfield code="3">Cover image</subfield>
         <subfield code="u">static.harpercollins.com/harperimages/isbn/large/7/9780062316097.jpg</subfield>
      </datafield>
      <datafield tag="OWN" ind1=" " ind2=" ">
         <subfield code="a">GENERAL</subfield>
      </datafield>
      <datafield tag="980" ind1=" " ind2=" ">
         <subfield code="b">35.00</subfield>
         <subfield code="g">1</subfield>
         <subfield code="a">20181024</subfield>
         <subfield code="f">99978241088</subfield>
      </datafield>
      <datafield tag="981" ind1=" " ind2=" ">
         <subfield code="b">TNSBOOKP-P-2019</subfield>
         <subfield code="c">TFMAIN</subfield>
         <subfield code="d">NOTE: DUP:004311122 Req:N00432696 S:CH</subfield>
      </datafield>
      <datafield tag="982" ind1=" " ind2=" ">
         <subfield code="v">99978241088</subfield>
         <subfield code="b">212210</subfield>
         <subfield code="e">CH</subfield>
      </datafield>
      <datafield tag="984" ind1=" " ind2=" ">
         <subfield code="a">20181024</subfield>
         <subfield code="b">151323</subfield>
         <subfield code="c">YBP</subfield>
      </datafield>
      <datafield tag="985" ind1=" " ind2=" ">
         <subfield code="a">N00432696</subfield>
         <subfield code="d">004311122</subfield>
      </datafield>
      <datafield tag="986" ind1=" " ind2=" ">
         <subfield code="a">11208295</subfield>
      </datafield>
      <datafield tag="049" ind1=" " ind2=" ">
         <subfield code="a">TFMAIN</subfield>
      </datafield>
      <datafield tag="AVA" ind1=" " ind2=" ">
         <subfield code="a">NYU50</subfield>
         <subfield code="b">NISAW</subfield>
         <subfield code="c">Small Collection</subfield>
         <subfield code="d">CB113.H4 H3713 2015 Non-circulating</subfield>
         <subfield code="e">available</subfield>
         <subfield code="t">Available</subfield>
         <subfield code="f">1</subfield>
         <subfield code="g">0</subfield>
         <subfield code="h">N</subfield>
         <subfield code="i">0</subfield>
         <subfield code="j">SMALL</subfield>
         <subfield code="k">0</subfield>
      </datafield>
      <marc:datafield tag="852" ind1=" " ind2=" ">
         <marc:subfield code="b">Institute for the Study of the Ancient World, </marc:subfield>
         <marc:subfield code="c">Small Collection</marc:subfield>
         <marc:subfield code="e">15 East 84th St., </marc:subfield>
         <marc:subfield code="e">New York, NY  10028</marc:subfield>
      </marc:datafield>
      <datafield tag="AVA" ind1=" " ind2=" ">
         <subfield code="a">NYU50</subfield>
         <subfield code="b">TNSFO</subfield>
         <subfield code="c">Main Collection</subfield>
         <subfield code="d">CB113.H4 H3713 2015</subfield>
         <subfield code="e">available</subfield>
         <subfield code="t">Available</subfield>
         <subfield code="f">1</subfield>
         <subfield code="g">0</subfield>
         <subfield code="h">N</subfield>
         <subfield code="i">2</subfield>
         <subfield code="j">MAIN</subfield>
         <subfield code="k">0</subfield>
      </datafield>
      <datafield tag="AVA" ind1=" " ind2=" ">
         <subfield code="a">NYU51</subfield>
         <subfield code="b">NABUD</subfield>
         <subfield code="c">Main Collection</subfield>
         <subfield code="d">CB113.H4 H3713 2015</subfield>
         <subfield code="e">unavailable</subfield>
         <subfield code="t">Unavailable</subfield>
         <subfield code="f">2</subfield>
         <subfield code="g">2</subfield>
         <subfield code="h">N</subfield>
         <subfield code="i">6</subfield>
         <subfield code="j">MAIN</subfield>
         <subfield code="k">0</subfield>
      </datafield>
      <datafield tag="AVA" ind1=" " ind2=" ">
         <subfield code="a">NYU52</subfield>
         <subfield code="b">NSHNG</subfield>
         <subfield code="c">Main Collection</subfield>
         <subfield code="d">CB113.H4 H3713 2015</subfield>
         <subfield code="e">available</subfield>
         <subfield code="t">Available</subfield>
         <subfield code="f">1</subfield>
         <subfield code="g">0</subfield>
         <subfield code="h">N</subfield>
         <subfield code="i">7</subfield>
         <subfield code="j">MAIN</subfield>
         <subfield code="k">0</subfield>
      </datafield>
   </record>