
  
  
  
  
  
  
  
  
  
  
 
  
  <record xsi:schemaLocation="http://www.loc.gov/MARC21/slim http://www.loc.gov/standards/marcxml/schema/MARC21slim.xsd">
      <leader>00000cam a2200697 i 4500</leader>
      <controlfield tag="FMT">BK</controlfield>
      <controlfield tag="LDR">00000cam a2200697 i 4500</controlfield>
      <controlfield tag="001">006333805</controlfield>
      <controlfield tag="003">OCoLC</controlfield>
      <controlfield tag="005">20190124103328.0</controlfield>
      <controlfield tag="008">180416t20182018mauab    bc   001 0 eng</controlfield>
      <datafield tag="010" ind1=" " ind2=" ">
         <subfield code="a">2018018613</subfield>
      </datafield>
      <datafield tag="020" ind1=" " ind2=" ">
         <subfield code="a">9781891771774</subfield>
         <subfield code="q">hardcover</subfield>
         <subfield code="q">harvard art museums</subfield>
         <subfield code="q">alkaline paper</subfield>
      </datafield>
      <datafield tag="020" ind1=" " ind2=" ">
         <subfield code="a">1891771779</subfield>
         <subfield code="q">hardcover</subfield>
         <subfield code="q">harvard art museums</subfield>
         <subfield code="q">alkaline paper</subfield>
      </datafield>
      <datafield tag="020" ind1=" " ind2=" ">
         <subfield code="a">9780300237030</subfield>
         <subfield code="q">hardcover</subfield>
         <subfield code="q">yale university press, distributor</subfield>
         <subfield code="q">alkaline paper</subfield>
      </datafield>
      <datafield tag="020" ind1=" " ind2=" ">
         <subfield code="a">0300237030</subfield>
         <subfield code="q">hardcover</subfield>
         <subfield code="q">yale university press, distributor</subfield>
         <subfield code="q">alkaline paper</subfield>
      </datafield>
      <datafield tag="035" ind1="7" ind2=" ">
         <subfield code="a">ybp13973100</subfield>
      </datafield>
      <datafield tag="035" ind1=" " ind2=" ">
         <subfield code="a">(OCoLC)1033548057</subfield>
      </datafield>
      <datafield tag="037" ind1=" " ind2=" ">
         <subfield code="a">W000377</subfield>
      </datafield>
      <datafield tag="040" ind1=" " ind2=" ">
         <subfield code="a">DLC</subfield>
         <subfield code="b">eng</subfield>
         <subfield code="e">rda</subfield>
         <subfield code="c">DLC</subfield>
         <subfield code="d">OCLCO</subfield>
         <subfield code="d">BDX</subfield>
         <subfield code="d">OCLCF</subfield>
         <subfield code="d">HLS</subfield>
         <subfield code="d">YDX</subfield>
         <subfield code="d">YDX</subfield>
         <subfield code="d">OCLCO</subfield>
         <subfield code="d">NZAUC</subfield>
         <subfield code="d">OCLCO</subfield>
         <subfield code="d">FDA</subfield>
         <subfield code="d">PUL</subfield>
         <subfield code="d">CHVBK</subfield>
         <subfield code="d">OCLCO</subfield>
      </datafield>
      <datafield tag="042" ind1=" " ind2=" ">
         <subfield code="a">pcc</subfield>
      </datafield>
      <datafield tag="050" ind1="0" ind2="0">
         <subfield code="a">NK4895</subfield>
         <subfield code="b">.A53 2018</subfield>
      </datafield>
      <datafield tag="079" ind1=" " ind2=" ">
         <subfield code="a">(OCoLC)1033548057</subfield>
      </datafield>
      <datafield tag="082" ind1="0" ind2="0">
         <subfield code="a">748.8/3</subfield>
         <subfield code="2">23</subfield>
      </datafield>
      <datafield tag="245" ind1="0" ind2="0">
         <subfield code="a">Animal-shaped vessels from the ancient world :</subfield>
         <subfield code="b">feasting with gods, heroes, and kings /</subfield>
         <subfield code="c">edited by Susanne Ebbinghaus ; with contributions by A. Cassandra Albinson, Angela Chang, Henry P. Colburn, Michael Dietler, Susanne Ebbinghaus, Katherine Eremin, Janling Fu, Robert B. Koehl, Paul Kosmin, Barbara Kowalzig, Ethan W. Lasser, Judith A. Lerner, François Louis, Patrick McGovern, Mary McWilliams, Thomas S. Michie, Elizabeth Molacek, Melissa Moy, Gregory Nagy, Carol Neuman de Vegvar, Kimberley C. Patton, Joanne Pillsbury, Jeffrey Quilter, and Mark Weeden.</subfield>
      </datafield>
      <datafield tag="264" ind1=" " ind2="1">
         <subfield code="a">Cambridge, Mass. :</subfield>
         <subfield code="b">Harvard Art Museums,</subfield>
         <subfield code="c">[2018]</subfield>
      </datafield>
      <datafield tag="264" ind1=" " ind2="4">
         <subfield code="c">©2018</subfield>
      </datafield>
      <datafield tag="300" ind1=" " ind2=" ">
         <subfield code="a">402 pages :</subfield>
         <subfield code="b">illustrations, maps ;</subfield>
         <subfield code="c">29 cm</subfield>
      </datafield>
      <datafield tag="336" ind1=" " ind2=" ">
         <subfield code="a">text</subfield>
         <subfield code="b">txt</subfield>
         <subfield code="2">rdacontent</subfield>
      </datafield>
      <datafield tag="337" ind1=" " ind2=" ">
         <subfield code="a">unmediated</subfield>
         <subfield code="b">n</subfield>
         <subfield code="2">rdamedia</subfield>
      </datafield>
      <datafield tag="338" ind1=" " ind2=" ">
         <subfield code="a">volume</subfield>
         <subfield code="b">nc</subfield>
         <subfield code="2">rdacarrier</subfield>
      </datafield>
      <datafield tag="500" ind1=" " ind2=" ">
         <subfield code="a">"This catalogue accompanies the exhibition Animal-Shaped Vessels from the Ancient World: Feasting with Gods, Heroes, and Kings, on view at the Harvard Art Museums, Cambridge, Massachusetts, from September 7, 2018, through January 6, 2019."</subfield>
      </datafield>
      <datafield tag="504" ind1=" " ind2=" ">
         <subfield code="a">Includes bibliographical references and index.</subfield>
      </datafield>
      <datafield tag="505" ind1="0" ind2="0">
         <subfield code="t">Alcohol as liquid material culture : Feasting in comparative perspective /</subfield>
         <subfield code="r">Michael Dietler --</subfield>
         <subfield code="t">Flowing in and out of beasts : Animcal-human symbiosis in antiquity /</subfield>
         <subfield code="r">Kimberley C. Patton --</subfield>
         <subfield code="t">From the near east to the Aegean, from Neolithic times to the end of the bronze age /</subfield>
         <subfield code="r">Robert B. Koehl --</subfield>
         <subfield code="t">In focus --</subfield>
         <subfield code="t">Peruvian vessels : The puma and the prisoner /</subfield>
         <subfield code="r">Jeffrey Quilter --</subfield>
         <subfield code="t">God-drinking in Hittite texts /</subfield>
         <subfield code="r">Mark Weeden --</subfield>
         <subfield code="t">Duck decanter : A Chinese ritual wine vessel /</subfield>
         <subfield code="r">Melissa Moy --</subfield>
         <subfield code="t">Emblematic animcals at itron age feasts /</subfield>
         <subfield code="r">Susanne Ebbinghaus, with Henry P. Colburn --</subfield>
         <subfield code="t">Feasting and warfare in the ancient near east /</subfield>
         <subfield code="r">Janling Fu --</subfield>
         <subfield code="t">The biomolecular archaeology of feasting /</subfield>
         <subfield code="r">Patrick McGovern --</subfield>
         <subfield code="t">A pitcher of the Seljuq era /</subfield>
         <subfield code="r">Mary McWilliams --</subfield>
         <subfield code="t">Feasting like the Persian king /</subfield>
         <subfield code="r">Susanne Ebbinghaus --</subfield>
         <subfield code="t">Wetting your whistle in ancient Peru /</subfield>
         <subfield code="r">Joanne Pillsbury --</subfield>
         <subfield code="t">Ancient silverworking : A technical case study /</subfield>
         <subfield code="r">Angela Chang and Katherine Eremin --</subfield>
         <subfield code="t">Hunter or Hunted? A drinking game of chance /</subfield>
         <subfield code="r">Thomas S. Michie --</subfield>
         <subfield code="t">Creatures of Dionysos? Vessels from Greece and Thrace /</subfield>
         <subfield code="r">Susanne Ebbinghaus --</subfield>
         <subfield code="t">The archaeology of drinking vessels in Alma-Tadema's the Women of Amphissa /</subfield>
         <subfield code="r">A. Cassandra Albinson --</subfield>
         <subfield code="t">Dionysos /</subfield>
         <subfield code="r">Barbara Kowalzig --</subfield>
         <subfield code="t">Success to the hunt /</subfield>
         <subfield code="r">Ethan W. Lasser --</subfield>
         <subfield code="t">Drinking horns across history /</subfield>
         <subfield code="r">Susanne Ebbinghaus, with Elizabeth Molacek --</subfield>
         <subfield code="t">A Rhyton for a hero /</subfield>
         <subfield code="r">Gregory Nagy --</subfield>
         <subfield code="t">The Roman banquet /</subfield>
         <subfield code="r">Elizabeth Molacek --</subfield>
         <subfield code="t">Drinking horns and the medieval church /</subfield>
         <subfield code="r">Carol Neuman de Vegvar --</subfield>
         <subfield code="t">From the Mediterranean to China-After Alexander /</subfield>
         <subfield code="r">Henry P. Colburn --</subfield>
         <subfield code="t">Banqueting on the move /</subfield>
         <subfield code="r">Paul Kosmin --</subfield>
         <subfield code="t">The Anyang bed and other "Sino-Sogdian" funerary furniture /</subfield>
         <subfield code="r">Judith A. Lerner --</subfield>
         <subfield code="t">Rhyta in medieval China /</subfield>
         <subfield code="r">François Luois.</subfield>
      </datafield>
      <datafield tag="520" ind1=" " ind2=" ">
         <subfield code="a">Vessels shaped as bulls, lions, birds, donkeys, and other animals were routinely used to pour and drink liquids at feasts throughout the ancient world. Bringing together animal-shaped vessels from Asia, the Mediterranean, the Near and Far East, and the Americas, this fascinating cross-cultural study is the first large-scale consideration of this phenomenon. Experts from around the world reveal how these entertaining, often extremely lifelike vessels functioned not only as feasting paraphernalia but also as ritual implements, symbols of social status, and objects of artistic exchange and experimentation. Taking up questions ranging from the mechanics of drinking from such unwieldy containers to considerations of what the preference for these shapes says about the nature of human-animal relationships, this books uses a comprehensive and multidisciplinary approach to offer a unique window onto the experiences of the individuals and communities who raised up these magnificent objects in pleasure and in praise.</subfield>
      </datafield>
      <datafield tag="650" ind1=" " ind2="0">
         <subfield code="a">Drinking vessels</subfield>
         <subfield code="v">Exhibitions.</subfield>
      </datafield>
      <datafield tag="650" ind1=" " ind2="0">
         <subfield code="a">Drinking customs</subfield>
         <subfield code="x">History</subfield>
         <subfield code="y">To 1500</subfield>
         <subfield code="v">Exhibitions.</subfield>
      </datafield>
      <datafield tag="650" ind1=" " ind2="0">
         <subfield code="a">Decoration and ornament</subfield>
         <subfield code="x">Animal forms</subfield>
         <subfield code="v">Exhibitions.</subfield>
      </datafield>
      <datafield tag="650" ind1=" " ind2="0">
         <subfield code="a">Decoration and ornament, Ancient</subfield>
         <subfield code="v">Exhibitions.</subfield>
      </datafield>
      <datafield tag="650" ind1=" " ind2="7">
         <subfield code="a">Decoration and ornament, Ancient.</subfield>
         <subfield code="2">fast</subfield>
         <subfield code="0">(OCoLC)fst00889221</subfield>
      </datafield>
      <datafield tag="650" ind1=" " ind2="7">
         <subfield code="a">Decoration and ornament</subfield>
         <subfield code="x">Animal forms.</subfield>
         <subfield code="2">fast</subfield>
         <subfield code="0">(OCoLC)fst00889146</subfield>
      </datafield>
      <datafield tag="650" ind1=" " ind2="7">
         <subfield code="a">Drinking customs.</subfield>
         <subfield code="2">fast</subfield>
         <subfield code="0">(OCoLC)fst00898195</subfield>
      </datafield>
      <datafield tag="650" ind1=" " ind2="7">
         <subfield code="a">Drinking vessels.</subfield>
         <subfield code="2">fast</subfield>
         <subfield code="0">(OCoLC)fst00898242</subfield>
      </datafield>
      <datafield tag="650" ind1=" " ind2="7">
         <subfield code="a">Altertum</subfield>
         <subfield code="2">gnd</subfield>
      </datafield>
      <datafield tag="650" ind1=" " ind2="7">
         <subfield code="a">Altertum</subfield>
         <subfield code="g">Motiv</subfield>
         <subfield code="2">gnd</subfield>
      </datafield>
      <datafield tag="650" ind1=" " ind2="7">
         <subfield code="a">Brauchtum</subfield>
         <subfield code="2">gnd</subfield>
      </datafield>
      <datafield tag="650" ind1=" " ind2="7">
         <subfield code="a">Ess- und Trinksitte</subfield>
         <subfield code="2">gnd</subfield>
      </datafield>
      <datafield tag="650" ind1=" " ind2="7">
         <subfield code="a">Sachkultur</subfield>
         <subfield code="2">gnd</subfield>
      </datafield>
      <datafield tag="650" ind1=" " ind2="7">
         <subfield code="a">Tiergefäß</subfield>
         <subfield code="2">gnd</subfield>
      </datafield>
      <datafield tag="650" ind1=" " ind2="7">
         <subfield code="a">Trinken</subfield>
         <subfield code="2">gnd</subfield>
      </datafield>
      <datafield tag="650" ind1=" " ind2="7">
         <subfield code="a">Trinkgefäß</subfield>
         <subfield code="2">gnd</subfield>
      </datafield>
      <datafield tag="648" ind1=" " ind2="7">
         <subfield code="a">To 1500</subfield>
         <subfield code="2">fast</subfield>
      </datafield>
      <datafield tag="655" ind1=" " ind2="7">
         <subfield code="a">Exhibition catalogs.</subfield>
         <subfield code="2">fast</subfield>
         <subfield code="0">(OCoLC)fst01424028</subfield>
      </datafield>
      <datafield tag="655" ind1=" " ind2="7">
         <subfield code="a">History.</subfield>
         <subfield code="2">fast</subfield>
         <subfield code="0">(OCoLC)fst01411628</subfield>
      </datafield>
      <datafield tag="655" ind1=" " ind2="7">
         <subfield code="a">Exhibition catalogs.</subfield>
         <subfield code="2">lcgft</subfield>
      </datafield>
      <datafield tag="700" ind1="1" ind2=" ">
         <subfield code="a">Ebbinghaus, Susanne,</subfield>
         <subfield code="e">editor.</subfield>
      </datafield>
      <datafield tag="710" ind1="2" ind2=" ">
         <subfield code="a">Harvard Art Museums,</subfield>
         <subfield code="e">organizer,</subfield>
         <subfield code="e">host institution.</subfield>
      </datafield>
      <datafield tag="994" ind1=" " ind2=" ">
         <subfield code="a">Z0</subfield>
         <subfield code="b">ZYU</subfield>
      </datafield>
      <datafield tag="OWN" ind1=" " ind2=" ">
         <subfield code="a">GENERAL</subfield>
      </datafield>
      <datafield tag="AVA" ind1=" " ind2=" ">
         <subfield code="a">NYU50</subfield>
         <subfield code="b">BOBST</subfield>
         <subfield code="c">Main Collection</subfield>
         <subfield code="d">NK4895 .A53 2018</subfield>
         <subfield code="e">unavailable</subfield>
         <subfield code="t">Unavailable</subfield>
         <subfield code="f">1</subfield>
         <subfield code="g">1</subfield>
         <subfield code="h">N</subfield>
         <subfield code="i">0</subfield>
         <subfield code="j">MAIN</subfield>
         <subfield code="k">0</subfield>
      </datafield>
      <datafield tag="AVA" ind1=" " ind2=" ">
         <subfield code="a">NYU50</subfield>
         <subfield code="b">NIFA</subfield>
         <subfield code="c">Main Collection</subfield>
         <subfield code="d">NK4895 .A53 2018 Non-circulating</subfield>
         <subfield code="e">available</subfield>
         <subfield code="t">Available</subfield>
         <subfield code="f">1</subfield>
         <subfield code="g">0</subfield>
         <subfield code="h">N</subfield>
         <subfield code="i">0</subfield>
         <subfield code="j">MAIN</subfield>
         <subfield code="k">0</subfield>
      </datafield>
      <datafield tag="AVA" ind1=" " ind2=" ">
         <subfield code="a">NYU50</subfield>
         <subfield code="b">NISAW</subfield>
         <subfield code="c">Large Collection</subfield>
         <subfield code="d">NK4895 .A53 2018 Non-circulating</subfield>
         <subfield code="e">available</subfield>
         <subfield code="t">Available</subfield>
         <subfield code="f">1</subfield>
         <subfield code="g">0</subfield>
         <subfield code="h">N</subfield>
         <subfield code="i">0</subfield>
         <subfield code="j">LARGE</subfield>
         <subfield code="k">0</subfield>
      </datafield>
      <marc:datafield tag="852" ind1=" " ind2=" ">
         <marc:subfield code="b">Institute for the Study of the Ancient World, </marc:subfield>
         <marc:subfield code="c">Large Collection</marc:subfield>
         <marc:subfield code="e">15 East 84th St., </marc:subfield>
         <marc:subfield code="e">New York, NY  10028</marc:subfield>
      </marc:datafield>
   </record>