
  
  
  
  
  
  
  
  
 
  
  <record xsi:schemaLocation="http://www.loc.gov/MARC21/slim http://www.loc.gov/standards/marcxml/schema/MARC21slim.xsd">
      <leader>00000cam a2200841 a 4500</leader>
      <controlfield tag="FMT">BK</controlfield>
      <controlfield tag="LDR">00000cam a2200841 a 4500</controlfield>
      <controlfield tag="001">001448287</controlfield>
      <controlfield tag="003">OCoLC</controlfield>
      <controlfield tag="005">20181109163729.0</controlfield>
      <controlfield tag="008">961230s1997    gauab    b    001 p eng</controlfield>
      <datafield tag="010" ind1=" " ind2=" ">
         <subfield code="a">96054717</subfield>
      </datafield>
      <datafield tag="016" ind1="7" ind2=" ">
         <subfield code="a">011069095</subfield>
         <subfield code="2">Uk</subfield>
      </datafield>
      <datafield tag="020" ind1=" " ind2=" ">
         <subfield code="a">0788503367</subfield>
         <subfield code="q">(cloth ;</subfield>
         <subfield code="q">alk. paper)</subfield>
      </datafield>
      <datafield tag="020" ind1=" " ind2=" ">
         <subfield code="a">9780788503368</subfield>
         <subfield code="q">(cloth ;</subfield>
         <subfield code="q">alk. paper)</subfield>
      </datafield>
      <datafield tag="020" ind1=" " ind2=" ">
         <subfield code="a">0788503375</subfield>
         <subfield code="q">(pbk. ;</subfield>
         <subfield code="q">alk. paper)</subfield>
      </datafield>
      <datafield tag="020" ind1=" " ind2=" ">
         <subfield code="a">9780788503375</subfield>
         <subfield code="q">(pbk. ;</subfield>
         <subfield code="q">alk. paper)</subfield>
      </datafield>
      <datafield tag="035" ind1=" " ind2=" ">
         <subfield code="a">(OCoLC)36180933</subfield>
      </datafield>
      <datafield tag="040" ind1=" " ind2=" ">
         <subfield code="a">DLC</subfield>
         <subfield code="b">eng</subfield>
         <subfield code="c">DLC</subfield>
         <subfield code="d">BAKER</subfield>
         <subfield code="d">NLGGC</subfield>
         <subfield code="d">YDXCP</subfield>
         <subfield code="d">BTCTA</subfield>
         <subfield code="d">OCLCG</subfield>
         <subfield code="d">HEBIS</subfield>
         <subfield code="d">CS1</subfield>
         <subfield code="d">TLE</subfield>
         <subfield code="d">OCLCQ</subfield>
         <subfield code="d">GBVCP</subfield>
         <subfield code="d">DEBBG</subfield>
         <subfield code="d">UKMGB</subfield>
         <subfield code="d">OCLCO</subfield>
         <subfield code="d">OCLCF</subfield>
         <subfield code="d">OCLCQ</subfield>
         <subfield code="d">MNX</subfield>
         <subfield code="d">JPG</subfield>
         <subfield code="d">OCLCO</subfield>
         <subfield code="d">OCLCA</subfield>
         <subfield code="d">OCLCQ</subfield>
         <subfield code="d">WLU</subfield>
         <subfield code="d">DHA</subfield>
         <subfield code="d">GILDS</subfield>
         <subfield code="d">ORU</subfield>
         <subfield code="d">SNN</subfield>
         <subfield code="d">ZYU</subfield>
      </datafield>
      <datafield tag="041" ind1="1" ind2=" ">
         <subfield code="a">eng</subfield>
         <subfield code="h">uga</subfield>
      </datafield>
      <datafield tag="050" ind1="0" ind2="0">
         <subfield code="a">PJ4150.Z95</subfield>
         <subfield code="b">E54x 1997</subfield>
      </datafield>
      <datafield tag="079" ind1=" " ind2=" ">
         <subfield code="a">(OCoLC)36180933</subfield>
      </datafield>
      <datafield tag="082" ind1="0" ind2="0">
         <subfield code="a">892/.67</subfield>
         <subfield code="2">21</subfield>
      </datafield>
      <datafield tag="084" ind1=" " ind2=" ">
         <subfield code="a">18.70</subfield>
         <subfield code="2">bcl</subfield>
      </datafield>
      <datafield tag="084" ind1=" " ind2=" ">
         <subfield code="a">18.79</subfield>
         <subfield code="2">bcl</subfield>
      </datafield>
      <datafield tag="084" ind1=" " ind2=" ">
         <subfield code="a">6,23</subfield>
         <subfield code="2">ssgn</subfield>
      </datafield>
      <datafield tag="084" ind1=" " ind2=" ">
         <subfield code="a">BC 8153</subfield>
         <subfield code="2">rvk</subfield>
      </datafield>
      <datafield tag="084" ind1=" " ind2=" ">
         <subfield code="a">BC 8163</subfield>
         <subfield code="2">rvk</subfield>
      </datafield>
      <datafield tag="084" ind1=" " ind2=" ">
         <subfield code="a">EM 4930</subfield>
         <subfield code="2">rvk</subfield>
      </datafield>
      <datafield tag="084" ind1=" " ind2=" ">
         <subfield code="a">892.69</subfield>
      </datafield>
      <datafield tag="245" ind1="0" ind2="0">
         <subfield code="a">Ugaritic narrative poetry /</subfield>
         <subfield code="c">translated by Mark S. Smith [and others] ; edited by Simon B. Parker.</subfield>
      </datafield>
      <datafield tag="260" ind1=" " ind2=" ">
         <subfield code="a">[Atlanta, Ga.] :</subfield>
         <subfield code="b">Scholars Press,</subfield>
         <subfield code="c">©1997.</subfield>
      </datafield>
      <datafield tag="300" ind1=" " ind2=" ">
         <subfield code="a">viii, 265 pages :</subfield>
         <subfield code="b">illustrations, map ;</subfield>
         <subfield code="c">23 cm.</subfield>
      </datafield>
      <datafield tag="336" ind1=" " ind2=" ">
         <subfield code="a">text</subfield>
         <subfield code="b">txt</subfield>
         <subfield code="2">rdacontent</subfield>
      </datafield>
      <datafield tag="337" ind1=" " ind2=" ">
         <subfield code="a">unmediated</subfield>
         <subfield code="b">n</subfield>
         <subfield code="2">rdamedia</subfield>
      </datafield>
      <datafield tag="338" ind1=" " ind2=" ">
         <subfield code="a">volume</subfield>
         <subfield code="b">nc</subfield>
         <subfield code="2">rdacarrier</subfield>
      </datafield>
      <datafield tag="490" ind1="1" ind2=" ">
         <subfield code="a">Writings from the ancient world ;</subfield>
         <subfield code="v">v. 9</subfield>
      </datafield>
      <datafield tag="500" ind1=" " ind2=" ">
         <subfield code="a">ISAW copy is from the library of Lawrence E. Stager.</subfield>
         <subfield code="5">NyNyUAW</subfield>
      </datafield>
      <datafield tag="504" ind1=" " ind2=" ">
         <subfield code="a">Includes bibliographical references (pages 231-245) and indexes.</subfield>
      </datafield>
      <datafield tag="505" ind1="0" ind2="0">
         <subfield code="t">Kirta --</subfield>
         <subfield code="t">Aqhat --</subfield>
         <subfield code="t">Baal --</subfield>
         <subfield code="t">Baal fathers a bull --</subfield>
         <subfield code="t">A birth --</subfield>
         <subfield code="t">The wilderness --</subfield>
         <subfield code="t">The binding of a monster --</subfield>
         <subfield code="t">El's divine feast --</subfield>
         <subfield code="t">The Rapiuma --</subfield>
         <subfield code="t">The birth of the gracious gods --</subfield>
         <subfield code="t">The betrothal of Yarikh and Nikkal-Ib --</subfield>
         <subfield code="t">The mare and Horon --</subfield>
         <subfield code="t">CAT 1.96.</subfield>
      </datafield>
      <datafield tag="520" ind1=" " ind2=" ">
         <subfield code="a">"More than 500 years before the Odyssey and the Iliad, before the biblical books of Genesis or Job, masters of the epic lived and wrote on the Mediterranean coast. The Ugaritic tablets left behind by these master scribes and poets were excavated in the second quarter of the twentieth century from the region of modern Syria and Lebanon, and are brought to life here in contemporary English translations by five of the best known scholars in the field. Included are the major narrative poems, "Kirta," "Aqhat," and "Baal," in addition to ten shorter texts, newly translated with transcriptions from photographs using the latest techniques in the photography of epigraphic materials (sample plate included)."--Back cover.</subfield>
      </datafield>
      <datafield tag="546" ind1=" " ind2=" ">
         <subfield code="a">English, contains texts in romanized Ugaritic with parallel English translation.</subfield>
      </datafield>
      <datafield tag="650" ind1=" " ind2="0">
         <subfield code="a">Ugaritic poetry</subfield>
         <subfield code="v">Translations into English.</subfield>
      </datafield>
      <datafield tag="650" ind1=" " ind2="0">
         <subfield code="a">Ugaritic language</subfield>
         <subfield code="v">Texts.</subfield>
      </datafield>
      <datafield tag="651" ind1=" " ind2="7">
         <subfield code="a">Leukos Limen.</subfield>
         <subfield code="2">pleiades</subfield>
         <subfield code="0">https://pleiades.stoa.org/places/668295</subfield>
      </datafield>
      <datafield tag="653" ind1=" " ind2="0">
         <subfield code="a">Ugaritic poetry</subfield>
         <subfield code="a">Translations into English</subfield>
      </datafield>
      <datafield tag="655" ind1=" " ind2="7">
         <subfield code="a">Poetry.</subfield>
         <subfield code="2">lcgft</subfield>
      </datafield>
      <datafield tag="655" ind1=" " ind2="4">
         <subfield code="a">Translations into English.</subfield>
      </datafield>
      <datafield tag="700" ind1="1" ind2=" ">
         <subfield code="a">Stager, Lawrence E.,</subfield>
         <subfield code="e">former owner.</subfield>
         <subfield code="5">NyNyUAW</subfield>
      </datafield>
      <datafield tag="740" ind1="0" ind2=" ">
         <subfield code="a">Stager Collection.</subfield>
         <subfield code="5">NyNyUAW</subfield>
      </datafield>
      <datafield tag="700" ind1="1" ind2=" ">
         <subfield code="a">Smith, Mark S.,</subfield>
         <subfield code="d">1955-</subfield>
         <subfield code="e">translator.</subfield>
      </datafield>
      <datafield tag="700" ind1="1" ind2=" ">
         <subfield code="a">Parker, Simon B.,</subfield>
         <subfield code="e">editor.</subfield>
      </datafield>
      <datafield tag="776" ind1="0" ind2="8">
         <subfield code="i">Online version:</subfield>
         <subfield code="t">Ugaritic narrative poetry.</subfield>
         <subfield code="d">[Atlanta, Ga.] : Scholars Press, ©1997</subfield>
         <subfield code="w">(OCoLC)988860428</subfield>
      </datafield>
      <datafield tag="830" ind1=" " ind2="0">
         <subfield code="a">Writings from the ancient world ;</subfield>
         <subfield code="v">no. 9.</subfield>
      </datafield>
      <datafield tag="856" ind1="4" ind2="1">
         <subfield code="3">ACLS Humanities E-Book</subfield>
         <subfield code="u">http://hdl.handle.net/2027/heb.07779</subfield>
      </datafield>
      <datafield tag="OWN" ind1=" " ind2=" ">
         <subfield code="a">GENERAL</subfield>
      </datafield>
      <datafield tag="AVA" ind1=" " ind2=" ">
         <subfield code="a">NYU50</subfield>
         <subfield code="b">BOBST</subfield>
         <subfield code="c">1st Floor Reference</subfield>
         <subfield code="d">PJ4150.Z95 E5 1997 Non-circulating</subfield>
         <subfield code="e">available</subfield>
         <subfield code="t">Available</subfield>
         <subfield code="f">1</subfield>
         <subfield code="g">0</subfield>
         <subfield code="h">N</subfield>
         <subfield code="i">0</subfield>
         <subfield code="j">REF1</subfield>
         <subfield code="k">0</subfield>
      </datafield>
      <datafield tag="AVA" ind1=" " ind2=" ">
         <subfield code="a">NYU50</subfield>
         <subfield code="b">NISAW</subfield>
         <subfield code="c">Small Collection</subfield>
         <subfield code="d">PJ4150.Z95 E54 1997 Non-circulating</subfield>
         <subfield code="e">available</subfield>
         <subfield code="t">Available</subfield>
         <subfield code="f">1</subfield>
         <subfield code="g">0</subfield>
         <subfield code="h">N</subfield>
         <subfield code="i">0</subfield>
         <subfield code="j">SMALL</subfield>
         <subfield code="k">0</subfield>
      </datafield>
      <marc:datafield tag="852" ind1=" " ind2=" ">
         <marc:subfield code="b">Institute for the Study of the Ancient World, </marc:subfield>
         <marc:subfield code="c">Small Collection</marc:subfield>
         <marc:subfield code="e">15 East 84th St., </marc:subfield>
         <marc:subfield code="e">New York, NY  10028</marc:subfield>
      </marc:datafield>
   </record>