
  
  
  
  
  
  
  
  
  
  
  
  
 
  
  <record xsi:schemaLocation="http://www.loc.gov/MARC21/slim http://www.loc.gov/standards/marcxml/schema/MARC21slim.xsd">
      <leader>00000cam a22      i 4500</leader>
      <controlfield tag="FMT">BK</controlfield>
      <controlfield tag="LDR">00000cam a22      i 4500</controlfield>
      <controlfield tag="001">006415999</controlfield>
      <controlfield tag="005">20181130133928.0</controlfield>
      <controlfield tag="008">181120s2015    ctua     b    001 0 eng</controlfield>
      <datafield tag="010" ind1=" " ind2=" ">
         <subfield code="a">  2014033247</subfield>
      </datafield>
      <datafield tag="015" ind1=" " ind2=" ">
         <subfield code="a">GBB5C8567</subfield>
         <subfield code="2">bnb</subfield>
      </datafield>
      <datafield tag="016" ind1="7" ind2=" ">
         <subfield code="a">017554103</subfield>
         <subfield code="2">Uk</subfield>
      </datafield>
      <datafield tag="020" ind1=" " ind2=" ">
         <subfield code="a">9780974002576</subfield>
         <subfield code="q">(acid-free paper)</subfield>
      </datafield>
      <datafield tag="020" ind1=" " ind2=" ">
         <subfield code="a">0974002577</subfield>
         <subfield code="q">(acid-free paper)</subfield>
      </datafield>
      <datafield tag="035" ind1=" " ind2=" ">
         <subfield code="a">(OCoLC)895500658</subfield>
         <subfield code="z">(OCoLC)908915969</subfield>
      </datafield>
      <datafield tag="040" ind1=" " ind2=" ">
         <subfield code="a">DLC</subfield>
         <subfield code="b">eng</subfield>
         <subfield code="e">rda</subfield>
         <subfield code="c">DLC</subfield>
         <subfield code="d">BTCTA</subfield>
         <subfield code="d">YDXCP</subfield>
         <subfield code="d">OCLCO</subfield>
         <subfield code="d">OCLCQ</subfield>
         <subfield code="d">OCLCF</subfield>
         <subfield code="d">UKMGB</subfield>
         <subfield code="d">ZYU</subfield>
      </datafield>
      <datafield tag="041" ind1="1" ind2=" ">
         <subfield code="a">eng</subfield>
         <subfield code="a">egy</subfield>
      </datafield>
      <datafield tag="042" ind1=" " ind2=" ">
         <subfield code="a">pcc</subfield>
      </datafield>
      <datafield tag="043" ind1=" " ind2=" ">
         <subfield code="a">f-ua---</subfield>
      </datafield>
      <datafield tag="050" ind1="0" ind2="0">
         <subfield code="a">PJ1681.B75</subfield>
         <subfield code="b">O76 2015</subfield>
      </datafield>
      <datafield tag="079" ind1=" " ind2=" ">
         <subfield code="a">(OCoLC)895500658</subfield>
      </datafield>
      <datafield tag="082" ind1="0" ind2="0">
         <subfield code="a">893/.1</subfield>
         <subfield code="2">23</subfield>
      </datafield>
      <datafield tag="100" ind1="1" ind2=" ">
         <subfield code="a">O'Rourke, Paul F.</subfield>
         <subfield code="c">(Egyptologist),</subfield>
         <subfield code="e">author.</subfield>
      </datafield>
      <datafield tag="245" ind1="1" ind2="2">
         <subfield code="a">A royal book of protection of the Saite period :</subfield>
         <subfield code="b">pBrooklyn 47.218.49 /</subfield>
         <subfield code="c">Paul F. O'Rourke.</subfield>
      </datafield>
      <datafield tag="264" ind1=" " ind2="1">
         <subfield code="a">New Haven, CT :</subfield>
         <subfield code="b">Yale Egyptological Institute,</subfield>
         <subfield code="c">[2015]</subfield>
      </datafield>
      <datafield tag="300" ind1=" " ind2=" ">
         <subfield code="a">xxi, 242 pages :</subfield>
         <subfield code="b">illustrations ;</subfield>
         <subfield code="c">28 cm.</subfield>
      </datafield>
      <datafield tag="336" ind1=" " ind2=" ">
         <subfield code="a">text</subfield>
         <subfield code="b">txt</subfield>
         <subfield code="2">rdacontent</subfield>
      </datafield>
      <datafield tag="337" ind1=" " ind2=" ">
         <subfield code="a">unmediated</subfield>
         <subfield code="b">n</subfield>
         <subfield code="2">rdamedia</subfield>
      </datafield>
      <datafield tag="338" ind1=" " ind2=" ">
         <subfield code="a">volume</subfield>
         <subfield code="b">nc</subfield>
         <subfield code="2">rdacarrier</subfield>
      </datafield>
      <datafield tag="490" ind1="0" ind2=" ">
         <subfield code="a">Yale Egyptological studies ;</subfield>
         <subfield code="v">9</subfield>
      </datafield>
      <datafield tag="546" ind1=" " ind2=" ">
         <subfield code="a">In English and Egyptian.</subfield>
      </datafield>
      <datafield tag="504" ind1=" " ind2=" ">
         <subfield code="a">Includes bibliographical references (pages 205-228) and indexes.</subfield>
      </datafield>
      <datafield tag="505" ind1="0" ind2=" ">
         <subfield code="a">Introduction -- Spells -- Words discussed -- Divine names and attributes -- Geographical terms.</subfield>
      </datafield>
      <datafield tag="610" ind1="2" ind2="0">
         <subfield code="a">Brooklyn Museum of Art.</subfield>
         <subfield code="k">Manuscript.</subfield>
         <subfield code="n">P. Brooklyn 47.218.49.</subfield>
      </datafield>
      <datafield tag="650" ind1=" " ind2="0">
         <subfield code="a">Egyptian language</subfield>
         <subfield code="v">Papyri, Hieratic.</subfield>
      </datafield>
      <datafield tag="650" ind1=" " ind2="0">
         <subfield code="a">Egyptian language</subfield>
         <subfield code="v">Papyri, Hieroglyphic.</subfield>
      </datafield>
      <datafield tag="650" ind1=" " ind2="0">
         <subfield code="a">Inscriptions, Egyptian.</subfield>
      </datafield>
      <datafield tag="650" ind1=" " ind2="0">
         <subfield code="a">Protection magic</subfield>
         <subfield code="z">Egypt</subfield>
         <subfield code="x">History</subfield>
         <subfield code="v">Sources.</subfield>
      </datafield>
      <datafield tag="651" ind1=" " ind2="0">
         <subfield code="a">Egypt</subfield>
         <subfield code="x">Kings and rulers</subfield>
         <subfield code="x">Protection</subfield>
         <subfield code="x">History</subfield>
         <subfield code="v">Sources.</subfield>
      </datafield>
      <datafield tag="651" ind1=" " ind2="0">
         <subfield code="a">Egypt</subfield>
         <subfield code="x">History</subfield>
         <subfield code="y">To 332 B.C.</subfield>
         <subfield code="v">Sources.</subfield>
      </datafield>
      <datafield tag="651" ind1=" " ind2="0">
         <subfield code="a">Egypt</subfield>
         <subfield code="x">Religious life and customs</subfield>
         <subfield code="v">Sources.</subfield>
      </datafield>
      <datafield tag="651" ind1=" " ind2="7">
         <subfield code="a">Ancient Egypt (region)</subfield>
         <subfield code="2">pleiades</subfield>
         <subfield code="0">https://pleiades.stoa.org/places/981503</subfield>
         <subfield code="5">NyNyUAW</subfield>
      </datafield>
      <datafield tag="650" ind1=" " ind2="7">
         <subfield code="a">Egyptian language.</subfield>
         <subfield code="2">fast</subfield>
         <subfield code="0">(OCoLC)fst00903925</subfield>
      </datafield>
      <datafield tag="650" ind1=" " ind2="7">
         <subfield code="a">Inscriptions, Egyptian.</subfield>
         <subfield code="2">fast</subfield>
         <subfield code="0">(OCoLC)fst01199431</subfield>
      </datafield>
      <datafield tag="650" ind1=" " ind2="7">
         <subfield code="a">Kings and rulers</subfield>
         <subfield code="x">Protection.</subfield>
         <subfield code="2">fast</subfield>
         <subfield code="0">(OCoLC)fst01353508</subfield>
      </datafield>
      <datafield tag="650" ind1=" " ind2="7">
         <subfield code="a">Protection magic.</subfield>
         <subfield code="2">fast</subfield>
         <subfield code="0">(OCoLC)fst01200950</subfield>
      </datafield>
      <datafield tag="651" ind1=" " ind2="7">
         <subfield code="a">Egypt.</subfield>
         <subfield code="2">fast</subfield>
         <subfield code="0">(OCoLC)fst01208755</subfield>
      </datafield>
      <datafield tag="648" ind1=" " ind2="7">
         <subfield code="a">To 332 B.C.</subfield>
         <subfield code="2">fast</subfield>
      </datafield>
      <datafield tag="655" ind1=" " ind2="7">
         <subfield code="a">History.</subfield>
         <subfield code="2">fast</subfield>
         <subfield code="0">(OCoLC)fst01411628</subfield>
      </datafield>
      <datafield tag="655" ind1=" " ind2="7">
         <subfield code="a">Papyri, Hieratic.</subfield>
         <subfield code="2">fast</subfield>
         <subfield code="0">(OCoLC)fst01930958</subfield>
      </datafield>
      <datafield tag="655" ind1=" " ind2="7">
         <subfield code="a">Papyri, Hieroglyphic.</subfield>
         <subfield code="2">fast</subfield>
         <subfield code="0">(OCoLC)fst01930959</subfield>
      </datafield>
      <datafield tag="655" ind1=" " ind2="7">
         <subfield code="a">Sources.</subfield>
         <subfield code="2">fast</subfield>
         <subfield code="0">(OCoLC)fst01423900</subfield>
      </datafield>
      <datafield tag="710" ind1="2" ind2=" ">
         <subfield code="a">Brooklyn Museum of Art,</subfield>
         <subfield code="e">owner.</subfield>
      </datafield>
      <datafield tag="OWN" ind1=" " ind2=" ">
         <subfield code="a">GENERAL</subfield>
      </datafield>
      <datafield tag="AVA" ind1=" " ind2=" ">
         <subfield code="a">NYU50</subfield>
         <subfield code="b">NISAW</subfield>
         <subfield code="c">Large Collection</subfield>
         <subfield code="d">PJ1681.B75 O76 2015 Non-circulating</subfield>
         <subfield code="e">available</subfield>
         <subfield code="t">Available</subfield>
         <subfield code="f">1</subfield>
         <subfield code="g">0</subfield>
         <subfield code="h">N</subfield>
         <subfield code="i">0</subfield>
         <subfield code="j">LARGE</subfield>
         <subfield code="k">0</subfield>
      </datafield>
      <marc:datafield tag="852" ind1=" " ind2=" ">
         <marc:subfield code="b">Institute for the Study of the Ancient World, </marc:subfield>
         <marc:subfield code="c">Large Collection</marc:subfield>
         <marc:subfield code="e">15 East 84th St., </marc:subfield>
         <marc:subfield code="e">New York, NY  10028</marc:subfield>
      </marc:datafield>
   </record>