
  
  
  
  
  
  
  
  
  
  
  
 
  
  <record xsi:schemaLocation="http://www.loc.gov/MARC21/slim http://www.loc.gov/standards/marcxml/schema/MARC21slim.xsd">
      <leader>00000cam a22      a 4500</leader>
      <controlfield tag="FMT">BK</controlfield>
      <controlfield tag="LDR">00000cam a22      a 4500</controlfield>
      <controlfield tag="001">006417258</controlfield>
      <controlfield tag="005">20181130134352.0</controlfield>
      <controlfield tag="008">181126m20039999gw abef  b    001 0 ger c</controlfield>
      <datafield tag="020" ind1=" " ind2=" ">
         <subfield code="a">3805331355</subfield>
         <subfield code="q">(v. 1 ;</subfield>
         <subfield code="q">cl.)</subfield>
      </datafield>
      <datafield tag="020" ind1=" " ind2=" ">
         <subfield code="a">9783805331357</subfield>
         <subfield code="q">(v. 1 ;</subfield>
         <subfield code="q">cl.)</subfield>
      </datafield>
      <datafield tag="020" ind1=" " ind2=" ">
         <subfield code="a">9783805347914</subfield>
         <subfield code="q">(v. 2)</subfield>
      </datafield>
      <datafield tag="020" ind1=" " ind2=" ">
         <subfield code="a">380534791X</subfield>
         <subfield code="q">(v. 2)</subfield>
      </datafield>
      <datafield tag="020" ind1=" " ind2=" ">
         <subfield code="a">3937203656</subfield>
      </datafield>
      <datafield tag="020" ind1=" " ind2=" ">
         <subfield code="a">9783937203652</subfield>
      </datafield>
      <datafield tag="020" ind1=" " ind2=" ">
         <subfield code="a">9783937203669</subfield>
      </datafield>
      <datafield tag="020" ind1=" " ind2=" ">
         <subfield code="a">3937203664</subfield>
      </datafield>
      <datafield tag="035" ind1=" " ind2=" ">
         <subfield code="a">(OCoLC)51862991</subfield>
         <subfield code="z">(OCoLC)1008246164</subfield>
      </datafield>
      <datafield tag="040" ind1=" " ind2=" ">
         <subfield code="a">OHX</subfield>
         <subfield code="b">eng</subfield>
         <subfield code="c">OHX</subfield>
         <subfield code="d">ZCU</subfield>
         <subfield code="d">CLU</subfield>
         <subfield code="d">OCLCQ</subfield>
         <subfield code="d">GEBAY</subfield>
         <subfield code="d">OCLCF</subfield>
         <subfield code="d">OCLCO</subfield>
         <subfield code="d">CGU</subfield>
         <subfield code="d">OCLCQ</subfield>
         <subfield code="d">OCLCA</subfield>
         <subfield code="d">OCLCQ</subfield>
         <subfield code="d">CNUTO</subfield>
         <subfield code="d">OCLCO</subfield>
         <subfield code="d">OCLCA</subfield>
         <subfield code="d">PAU</subfield>
         <subfield code="d">NNU</subfield>
      </datafield>
      <datafield tag="041" ind1="0" ind2=" ">
         <subfield code="a">ger</subfield>
         <subfield code="b">ger</subfield>
         <subfield code="b">eng</subfield>
         <subfield code="b">rus</subfield>
      </datafield>
      <datafield tag="042" ind1=" " ind2=" ">
         <subfield code="a">pcc</subfield>
      </datafield>
      <datafield tag="043" ind1=" " ind2=" ">
         <subfield code="a">a-uz---</subfield>
         <subfield code="a">a-ta---</subfield>
      </datafield>
      <datafield tag="050" ind1=" " ind2="4">
         <subfield code="a">GN778.22.U9</subfield>
         <subfield code="b">Z5 2003</subfield>
      </datafield>
      <datafield tag="072" ind1=" " ind2="7">
         <subfield code="a">GN</subfield>
         <subfield code="2">lcco</subfield>
      </datafield>
      <datafield tag="079" ind1=" " ind2=" ">
         <subfield code="a">(OCoLC)51862991</subfield>
      </datafield>
      <datafield tag="245" ind1="0" ind2="4">
         <subfield code="a">Das Zinn der Bronzezeit in Mittelasien /</subfield>
         <subfield code="c">von Hermann Parzinger und Nikolaus Boroffka ; [Redaktion, Deutsches Archäologisches Institut, Eurasien-Abteilung].</subfield>
      </datafield>
      <datafield tag="260" ind1=" " ind2=" ">
         <subfield code="a">Mainz :</subfield>
         <subfield code="b">Philipp von Zabern,</subfield>
         <subfield code="c">2003-</subfield>
      </datafield>
      <datafield tag="300" ind1=" " ind2=" ">
         <subfield code="a">volumes :</subfield>
         <subfield code="b">illustrations (some color), maps, plans, plates ;</subfield>
         <subfield code="c">30 cm.</subfield>
      </datafield>
      <datafield tag="336" ind1=" " ind2=" ">
         <subfield code="a">text</subfield>
         <subfield code="b">txt</subfield>
         <subfield code="2">rdacontent</subfield>
      </datafield>
      <datafield tag="337" ind1=" " ind2=" ">
         <subfield code="a">unmediated</subfield>
         <subfield code="b">n</subfield>
         <subfield code="2">rdamedia</subfield>
      </datafield>
      <datafield tag="338" ind1=" " ind2=" ">
         <subfield code="a">volume</subfield>
         <subfield code="b">nc</subfield>
         <subfield code="2">rdacarrier</subfield>
      </datafield>
      <datafield tag="490" ind1="1" ind2=" ">
         <subfield code="a">Archäologie in Iran und Turan,</subfield>
         <subfield code="x">1433-8734 ;</subfield>
         <subfield code="v">Bd. 5, 12</subfield>
      </datafield>
      <datafield tag="490" ind1="1" ind2=" ">
         <subfield code="a">Veröffentlichungen aus dem Deutschen Bergbau-Museum Bochum, Band 194</subfield>
      </datafield>
      <datafield tag="500" ind1=" " ind2=" ">
         <subfield code="a">At head of title, volume II: Deutsches Archäologisches Institut, Eurasien-Abteilung ; Deutsches Bergbau-Museum Bochum, Forschungsbereich Montanarchäologie.</subfield>
      </datafield>
      <datafield tag="546" ind1=" " ind2=" ">
         <subfield code="a">Summaries in German, English and Russian.</subfield>
      </datafield>
      <datafield tag="505" ind1="0" ind2="0">
         <subfield code="g">I.</subfield>
         <subfield code="t">Die siedlungsarchäologischen Forschungen im Umfeld der Zinnlagerstätten / r unter Mitarbeit von Kabul Alimov ... [et al.] ; mit Beiträgen von Anvar Atachodzaev, Norbert Benecke und Jochen Görsdorf --</subfield>
         <subfield code="g">II.</subfield>
         <subfield code="t">Die montanarchäologischen Forschungen an den Zinnlagerstätten /</subfield>
         <subfield code="r">von Jennifer Garner.</subfield>
      </datafield>
      <datafield tag="504" ind1=" " ind2=" ">
         <subfield code="a">Includes bibliographical references and index.</subfield>
      </datafield>
      <datafield tag="650" ind1=" " ind2="0">
         <subfield code="a">Tin</subfield>
         <subfield code="z">Uzbekistan.</subfield>
      </datafield>
      <datafield tag="650" ind1=" " ind2="0">
         <subfield code="a">Tin</subfield>
         <subfield code="z">Tajikistan.</subfield>
      </datafield>
      <datafield tag="650" ind1=" " ind2="0">
         <subfield code="a">Bronze age</subfield>
         <subfield code="z">Uzbekistan.</subfield>
      </datafield>
      <datafield tag="650" ind1=" " ind2="0">
         <subfield code="a">Bronze age</subfield>
         <subfield code="z">Tajikistan.</subfield>
      </datafield>
      <datafield tag="650" ind1=" " ind2="0">
         <subfield code="a">Excavations (Archaeology)</subfield>
         <subfield code="z">Uzbekistan.</subfield>
      </datafield>
      <datafield tag="650" ind1=" " ind2="0">
         <subfield code="a">Excavations (Archaeology)</subfield>
         <subfield code="z">Tajikistan.</subfield>
      </datafield>
      <datafield tag="651" ind1=" " ind2="0">
         <subfield code="a">Uzbekistan</subfield>
         <subfield code="x">Antiquities.</subfield>
      </datafield>
      <datafield tag="651" ind1=" " ind2="0">
         <subfield code="a">Tajikistan</subfield>
         <subfield code="x">Antiquities.</subfield>
      </datafield>
      <datafield tag="650" ind1=" " ind2="7">
         <subfield code="a">Antiquities.</subfield>
         <subfield code="2">fast</subfield>
         <subfield code="0">(OCoLC)fst00810745</subfield>
      </datafield>
      <datafield tag="650" ind1=" " ind2="7">
         <subfield code="a">Bronze age.</subfield>
         <subfield code="2">fast</subfield>
         <subfield code="0">(OCoLC)fst00839439</subfield>
      </datafield>
      <datafield tag="650" ind1=" " ind2="7">
         <subfield code="a">Tin.</subfield>
         <subfield code="2">fast</subfield>
         <subfield code="0">(OCoLC)fst01151272</subfield>
      </datafield>
      <datafield tag="651" ind1=" " ind2="7">
         <subfield code="a">Tajikistan.</subfield>
         <subfield code="2">fast</subfield>
         <subfield code="0">(OCoLC)fst01260661</subfield>
      </datafield>
      <datafield tag="651" ind1=" " ind2="7">
         <subfield code="a">Uzbekistan.</subfield>
         <subfield code="2">fast</subfield>
         <subfield code="0">(OCoLC)fst01260657</subfield>
      </datafield>
      <datafield tag="650" ind1=" " ind2="7">
         <subfield code="a">Bronzezeit</subfield>
         <subfield code="2">gnd</subfield>
         <subfield code="0">(DE-588)4008357-3</subfield>
      </datafield>
      <datafield tag="650" ind1=" " ind2="7">
         <subfield code="a">Zinnbergbau</subfield>
         <subfield code="2">gnd</subfield>
         <subfield code="0">(DE-588)4067831-3</subfield>
      </datafield>
      <datafield tag="651" ind1=" " ind2="7">
         <subfield code="a">Mittelasien</subfield>
         <subfield code="2">gnd</subfield>
         <subfield code="0">(DE-588)4039661-7</subfield>
      </datafield>
      <datafield tag="700" ind1="1" ind2=" ">
         <subfield code="a">Parzinger, Hermann.</subfield>
      </datafield>
      <datafield tag="700" ind1="1" ind2=" ">
         <subfield code="a">Boroffka, Nikolaus G. O.</subfield>
      </datafield>
      <datafield tag="700" ind1="1" ind2=" ">
         <subfield code="a">Garner, Jennifer.</subfield>
      </datafield>
      <datafield tag="710" ind1="2" ind2=" ">
         <subfield code="a">Deutsches Archäologisches Institut.</subfield>
         <subfield code="b">Eurasien-Abteilung.</subfield>
      </datafield>
      <datafield tag="710" ind1="2" ind2=" ">
         <subfield code="a">Deutsches Bergbau-Museum Bochum.</subfield>
      </datafield>
      <datafield tag="830" ind1=" " ind2="0">
         <subfield code="a">Archäologie in Iran und Turan ;</subfield>
         <subfield code="v">Bd. 5.</subfield>
         <subfield code="x">1433-8734</subfield>
      </datafield>
      <datafield tag="830" ind1=" " ind2="0">
         <subfield code="a">Archäologie in Iran und Turan ;</subfield>
         <subfield code="v">Bd. 12.</subfield>
         <subfield code="x">1433-8734</subfield>
      </datafield>
      <datafield tag="830" ind1=" " ind2="0">
         <subfield code="a">Veröffentlichungen aus dem Deutschen Bergbau-Museum Bochum ;</subfield>
         <subfield code="v">Bd. 194.</subfield>
      </datafield>
      <datafield tag="OWN" ind1=" " ind2=" ">
         <subfield code="a">GENERAL</subfield>
      </datafield>
      <datafield tag="AVA" ind1=" " ind2=" ">
         <subfield code="a">NYU50</subfield>
         <subfield code="b">NISAW</subfield>
         <subfield code="c">Large Collection</subfield>
         <subfield code="d">GN778.22.U9 Z5 2003 Non-circulating</subfield>
         <subfield code="e">available</subfield>
         <subfield code="t">Available</subfield>
         <subfield code="f">1</subfield>
         <subfield code="g">0</subfield>
         <subfield code="h">Y</subfield>
         <subfield code="i">0</subfield>
         <subfield code="j">LARGE</subfield>
         <subfield code="k">0</subfield>
      </datafield>
      <marc:datafield tag="852" ind1=" " ind2=" ">
         <marc:subfield code="b">Institute for the Study of the Ancient World, </marc:subfield>
         <marc:subfield code="c">Large Collection</marc:subfield>
         <marc:subfield code="e">15 East 84th St., </marc:subfield>
         <marc:subfield code="e">New York, NY  10028</marc:subfield>
      </marc:datafield>
   </record>