
  
  
  
  
  
  
  
  
  
  
  
  
  
 
  
  <record xsi:schemaLocation="http://www.loc.gov/MARC21/slim http://www.loc.gov/standards/marcxml/schema/MARC21slim.xsd">
      <leader>00000cam a2200505Ii 4500</leader>
      <controlfield tag="FMT">BK</controlfield>
      <controlfield tag="LDR">00000cam a2200505Ii 4500</controlfield>
      <controlfield tag="001">004384292</controlfield>
      <controlfield tag="003">OCoLC</controlfield>
      <controlfield tag="005">20181129123549.0</controlfield>
      <controlfield tag="008">120311m20109999ru af    b    000 0 eng d</controlfield>
      <datafield tag="020" ind1=" " ind2=" ">
         <subfield code="a">9785812515393</subfield>
         <subfield code="q">(v. 1)</subfield>
      </datafield>
      <datafield tag="020" ind1=" " ind2=" ">
         <subfield code="a">5812515395</subfield>
         <subfield code="q">(v. 1)</subfield>
      </datafield>
      <datafield tag="020" ind1=" " ind2=" ">
         <subfield code="a">9785892825283</subfield>
         <subfield code="q">(v. 2)</subfield>
      </datafield>
      <datafield tag="020" ind1=" " ind2=" ">
         <subfield code="a">5892825280</subfield>
         <subfield code="q">(v. 2)</subfield>
      </datafield>
      <datafield tag="020" ind1=" " ind2=" ">
         <subfield code="a">9785892826563</subfield>
         <subfield code="q">(v. 3)</subfield>
      </datafield>
      <datafield tag="020" ind1=" " ind2=" ">
         <subfield code="a">5892826562</subfield>
         <subfield code="q">(v. 3)</subfield>
      </datafield>
      <datafield tag="020" ind1=" " ind2=" ">
         <subfield code="a">9785892828079</subfield>
         <subfield code="q">(v. 4)</subfield>
      </datafield>
      <datafield tag="020" ind1=" " ind2=" ">
         <subfield code="a">5892828077</subfield>
         <subfield code="q">(v. 4)</subfield>
      </datafield>
      <datafield tag="035" ind1=" " ind2=" ">
         <subfield code="a">(OCoLC)780386199</subfield>
      </datafield>
      <datafield tag="040" ind1=" " ind2=" ">
         <subfield code="a">HLS</subfield>
         <subfield code="b">eng</subfield>
         <subfield code="e">rda</subfield>
         <subfield code="c">HLS</subfield>
         <subfield code="d">OCLCQ</subfield>
         <subfield code="d">OCLCO</subfield>
         <subfield code="d">OCLCQ</subfield>
         <subfield code="d">CGU</subfield>
         <subfield code="d">OCLCF</subfield>
         <subfield code="d">OCLCQ</subfield>
         <subfield code="d">ZYU</subfield>
      </datafield>
      <datafield tag="043" ind1=" " ind2=" ">
         <subfield code="a">f-ua---</subfield>
      </datafield>
      <datafield tag="050" ind1=" " ind2="4">
         <subfield code="a">DT73.G5</subfield>
         <subfield code="b">G593 2010</subfield>
      </datafield>
      <datafield tag="079" ind1=" " ind2=" ">
         <subfield code="a">(OCoLC)780386199</subfield>
      </datafield>
      <datafield tag="245" ind1="0" ind2="0">
         <subfield code="a">Giza, Eastern necropolis :</subfield>
         <subfield code="b">Russian archaelogical mission in Giza /</subfield>
         <subfield code="c">the editor-in-chief Eleonora Kormysheva.</subfield>
      </datafield>
      <datafield tag="246" ind1="1" ind2=" ">
         <subfield code="6">880-01</subfield>
         <subfield code="i">Verso of t. p. title:</subfield>
         <subfield code="a">Giza Vostochnyĭ nekropolʹ</subfield>
      </datafield>
      <datafield tag="246" ind1="3" ind2="0">
         <subfield code="a">Russian archaelogical mission in Giza</subfield>
      </datafield>
      <datafield tag="246" ind1="1" ind2="8">
         <subfield code="a">GEN</subfield>
      </datafield>
      <datafield tag="264" ind1=" " ind2="1">
         <subfield code="a">Moscow :</subfield>
         <subfield code="b">Institute of Oriental Studies, Russian Academy of Sciences,</subfield>
         <subfield code="c">2010-</subfield>
      </datafield>
      <datafield tag="300" ind1=" " ind2=" ">
         <subfield code="a">volumes :</subfield>
         <subfield code="b">illustrations ;</subfield>
         <subfield code="c">30 cm</subfield>
      </datafield>
      <datafield tag="336" ind1=" " ind2=" ">
         <subfield code="a">text</subfield>
         <subfield code="b">txt</subfield>
         <subfield code="2">rdacontent</subfield>
      </datafield>
      <datafield tag="337" ind1=" " ind2=" ">
         <subfield code="a">unmediated</subfield>
         <subfield code="b">n</subfield>
         <subfield code="2">rdamedia</subfield>
      </datafield>
      <datafield tag="338" ind1=" " ind2=" ">
         <subfield code="a">volume</subfield>
         <subfield code="b">nc</subfield>
         <subfield code="2">rdacarrier</subfield>
      </datafield>
      <datafield tag="500" ind1=" " ind2=" ">
         <subfield code="a">At head of title: Russian Academy of Science. Institute of Oriental Studies.</subfield>
      </datafield>
      <datafield tag="504" ind1=" " ind2=" ">
         <subfield code="a">Includes bibliographical references.</subfield>
      </datafield>
      <datafield tag="505" ind1="1" ind2="0">
         <subfield code="g">I.</subfield>
         <subfield code="t">The Tomb of Khafraankh G 7948 /</subfield>
         <subfield code="r">Eleonora Kormysheva, Svetlana Malykh, Sergey Vetokhov --</subfield>
         <subfield code="g">II.</subfield>
         <subfield code="t">The minor cemetery to the east from tomb G7948 /</subfield>
         <subfield code="r">Eleonora Kormysheva, Svetlana Malykh, Sergey Vetokhov --</subfield>
         <subfield code="g">III.</subfield>
         <subfield code="t">Tombs of Tjenty II, Khufuhotep, and anonymous tombs GE 17, GE 18, GE 47, GE 48, and GE 49 /</subfield>
         <subfield code="r">Eleonora Kormysheva, Svetlana Malykh, Maksim Lebedev, Sergey Vetokhov --</subfield>
         <subfield code="g">IV.</subfield>
         <subfield code="t">Tombs of Perseneb, Ipy, and anonymous tombs GE 23, GE 40, GE 56, GE 57, and GE 58 /</subfield>
         <subfield code="r">Eleonora Kormysheva, Svetlana Malykh, Maksim Lebedev, Sergey Vetokhov.</subfield>
      </datafield>
      <datafield tag="650" ind1=" " ind2="0">
         <subfield code="a">Tombs</subfield>
         <subfield code="z">Egypt</subfield>
         <subfield code="z">Jīzah.</subfield>
      </datafield>
      <datafield tag="650" ind1=" " ind2="0">
         <subfield code="a">Excavations (Archaeology)</subfield>
         <subfield code="z">Egypt</subfield>
         <subfield code="z">Jīzah.</subfield>
      </datafield>
      <datafield tag="651" ind1=" " ind2="0">
         <subfield code="a">Jīzah (Egypt)</subfield>
         <subfield code="x">Antiquities.</subfield>
      </datafield>
      <datafield tag="651" ind1=" " ind2="7">
         <subfield code="a">Giza.</subfield>
         <subfield code="2">pleiades</subfield>
         <subfield code="0">https://pleiades.stoa.org/places/442962448</subfield>
      </datafield>
      <datafield tag="710" ind1="2" ind2=" ">
         <subfield code="a">Shelby White and Leon Levy Program for Archaeological Publications (Firm),</subfield>
         <subfield code="e">sponsor.</subfield>
      </datafield>
      <datafield tag="700" ind1="1" ind2=" ">
         <subfield code="a">Kormysheva, Ė. E.</subfield>
         <subfield code="q">(Ėleonora Efimovna)</subfield>
      </datafield>
      <datafield tag="700" ind1="1" ind2=" ">
         <subfield code="a">Malykh, S. E.</subfield>
         <subfield code="q">(Svetlana Evgenʹevna),</subfield>
         <subfield code="d">1979-</subfield>
      </datafield>
      <datafield tag="700" ind1="1" ind2=" ">
         <subfield code="a">Vetokhov, S. V.</subfield>
         <subfield code="q">(Sergeĭ Vi͡acheslavovich),</subfield>
         <subfield code="d">1978-</subfield>
      </datafield>
      <datafield tag="700" ind1="1" ind2=" ">
         <subfield code="a">Lebedev, M. A.</subfield>
         <subfield code="q">(Maksim Aleksandrovich),</subfield>
         <subfield code="d">1985-</subfield>
      </datafield>
      <datafield tag="710" ind1="2" ind2=" ">
         <subfield code="a">Institut vostokovedenii͡a (Rossiĭskai͡a akademii͡a nauk)</subfield>
      </datafield>
      <datafield tag="797" ind1="2" ind2=" ">
         <subfield code="a">White Levy Program Collection.</subfield>
      </datafield>
      <datafield tag="797" ind1="2" ind2=" ">
         <subfield code="a">WLP Collection.</subfield>
      </datafield>
      <datafield tag="880" ind1="1" ind2=" ">
         <subfield code="6">246-01/</subfield>
         <subfield code="i">Verso of t. p. title:</subfield>
         <subfield code="a">Гиза Восточный некрополь</subfield>
      </datafield>
      <datafield tag="994" ind1=" " ind2=" ">
         <subfield code="a">Z0</subfield>
         <subfield code="b">ZYU</subfield>
      </datafield>
      <datafield tag="OWN" ind1=" " ind2=" ">
         <subfield code="a">GENERAL</subfield>
      </datafield>
      <datafield tag="AVA" ind1=" " ind2=" ">
         <subfield code="a">NYU50</subfield>
         <subfield code="b">NISAW</subfield>
         <subfield code="c">Large Collection</subfield>
         <subfield code="d">DT73.G5 G593 Non-circulating</subfield>
         <subfield code="e">available</subfield>
         <subfield code="t">Available</subfield>
         <subfield code="f">4</subfield>
         <subfield code="g">0</subfield>
         <subfield code="h">Y</subfield>
         <subfield code="i">0</subfield>
         <subfield code="j">LARGE</subfield>
         <subfield code="k">0</subfield>
      </datafield>
      <marc:datafield tag="852" ind1=" " ind2=" ">
         <marc:subfield code="b">Institute for the Study of the Ancient World, </marc:subfield>
         <marc:subfield code="c">Large Collection</marc:subfield>
         <marc:subfield code="e">15 East 84th St., </marc:subfield>
         <marc:subfield code="e">New York, NY  10028</marc:subfield>
      </marc:datafield>
   </record>