
  
  
  
  
  
  
  
  
  
  
  
 
  
  <record xsi:schemaLocation="http://www.loc.gov/MARC21/slim http://www.loc.gov/standards/marcxml/schema/MARC21slim.xsd">
      <leader>00000cam a22006974a 4500</leader>
      <controlfield tag="FMT">BK</controlfield>
      <controlfield tag="LDR">00000cam a22006974a 4500</controlfield>
      <controlfield tag="001">003472126</controlfield>
      <controlfield tag="003">OCoLC</controlfield>
      <controlfield tag="005">20181129144234.0</controlfield>
      <controlfield tag="008">051104m20059999sz ab    b    001 0 ger c</controlfield>
      <datafield tag="016" ind1="7" ind2=" ">
         <subfield code="a">976751410</subfield>
         <subfield code="2">DE-101</subfield>
      </datafield>
      <datafield tag="016" ind1="7" ind2=" ">
         <subfield code="a">97698802X</subfield>
         <subfield code="2">DE-101</subfield>
      </datafield>
      <datafield tag="016" ind1="7" ind2=" ">
         <subfield code="a">013461962</subfield>
         <subfield code="2">Uk</subfield>
      </datafield>
      <datafield tag="020" ind1=" " ind2=" ">
         <subfield code="a">3727815086</subfield>
         <subfield code="q">(v. 1 ;</subfield>
         <subfield code="q">hd. bd.)</subfield>
      </datafield>
      <datafield tag="020" ind1=" " ind2=" ">
         <subfield code="a">9783727815089</subfield>
         <subfield code="q">(v. 1 ;</subfield>
         <subfield code="q">hd. bd.)</subfield>
      </datafield>
      <datafield tag="020" ind1=" " ind2=" ">
         <subfield code="a">9783727816048</subfield>
         <subfield code="q">(v. 2 ;</subfield>
         <subfield code="q">hd. bd.)</subfield>
      </datafield>
      <datafield tag="020" ind1=" " ind2=" ">
         <subfield code="a">372781604X</subfield>
         <subfield code="q">(v. 2 ;</subfield>
         <subfield code="q">hd. bd.)</subfield>
      </datafield>
      <datafield tag="020" ind1=" " ind2=" ">
         <subfield code="a">9783727816710</subfield>
         <subfield code="q">(v. 3 ;</subfield>
         <subfield code="q">hd. bd.)</subfield>
      </datafield>
      <datafield tag="020" ind1=" " ind2=" ">
         <subfield code="a">3727816716</subfield>
         <subfield code="q">(v. 3 ;</subfield>
         <subfield code="q">hd. bd.)</subfield>
      </datafield>
      <datafield tag="020" ind1=" " ind2=" ">
         <subfield code="a">9783796538780</subfield>
         <subfield code="q">(v. 4 ;</subfield>
         <subfield code="q">hd. bd.)</subfield>
      </datafield>
      <datafield tag="020" ind1=" " ind2=" ">
         <subfield code="a">3796538789</subfield>
         <subfield code="q">(v. 4 ;</subfield>
         <subfield code="q">hd. bd.)</subfield>
      </datafield>
      <datafield tag="035" ind1=" " ind2=" ">
         <subfield code="a">(OCoLC)62230007</subfield>
      </datafield>
      <datafield tag="040" ind1=" " ind2=" ">
         <subfield code="a">OHX</subfield>
         <subfield code="b">eng</subfield>
         <subfield code="c">OHX</subfield>
         <subfield code="d">CGU</subfield>
         <subfield code="d">YDXCP</subfield>
         <subfield code="d">COO</subfield>
         <subfield code="d">MUQ</subfield>
         <subfield code="d">UKMGB</subfield>
         <subfield code="d">HEBIS</subfield>
         <subfield code="d">NDD</subfield>
         <subfield code="d">OCLCF</subfield>
         <subfield code="d">OCLCO</subfield>
         <subfield code="d">OCLCQ</subfield>
         <subfield code="d">MBB</subfield>
         <subfield code="d">OCLCQ</subfield>
         <subfield code="d">PAU</subfield>
         <subfield code="d">COD</subfield>
         <subfield code="d">OCLCO</subfield>
         <subfield code="d">ZYU</subfield>
      </datafield>
      <datafield tag="042" ind1=" " ind2=" ">
         <subfield code="a">pcc</subfield>
      </datafield>
      <datafield tag="043" ind1=" " ind2=" ">
         <subfield code="a">a-is---</subfield>
         <subfield code="a">aw-----</subfield>
      </datafield>
      <datafield tag="050" ind1=" " ind2="4">
         <subfield code="a">DS111.8</subfield>
         <subfield code="b">.S347 2005</subfield>
      </datafield>
      <datafield tag="072" ind1=" " ind2="7">
         <subfield code="a">N</subfield>
         <subfield code="2">lcco</subfield>
      </datafield>
      <datafield tag="079" ind1=" " ind2=" ">
         <subfield code="a">(OCoLC)62230007</subfield>
      </datafield>
      <datafield tag="082" ind1="0" ind2="4">
         <subfield code="a">709.39409013</subfield>
         <subfield code="2">22/ger</subfield>
      </datafield>
      <datafield tag="100" ind1="1" ind2=" ">
         <subfield code="a">Schroer, Silvia,</subfield>
         <subfield code="d">1958-</subfield>
      </datafield>
      <datafield tag="245" ind1="1" ind2="4">
         <subfield code="a">Die Ikonographie Palästinas/Israels und der Alte Orient :</subfield>
         <subfield code="b">eine Religionsgeschichte in Bildern /</subfield>
         <subfield code="c">Silvia Schroer, Othmar Keel ; [in Zusammenarbeit mit dem Projekt Bibel + Orient Museum (Freiburg CH)].</subfield>
      </datafield>
      <datafield tag="260" ind1=" " ind2=" ">
         <subfield code="a">Fribourg :</subfield>
         <subfield code="b">Academic Press,</subfield>
         <subfield code="c">2005-</subfield>
      </datafield>
      <datafield tag="300" ind1=" " ind2=" ">
         <subfield code="a">volumes :</subfield>
         <subfield code="b">illustrations, maps ;</subfield>
         <subfield code="c">25 cm</subfield>
      </datafield>
      <datafield tag="336" ind1=" " ind2=" ">
         <subfield code="a">text</subfield>
         <subfield code="b">txt</subfield>
         <subfield code="2">rdacontent</subfield>
      </datafield>
      <datafield tag="337" ind1=" " ind2=" ">
         <subfield code="a">unmediated</subfield>
         <subfield code="b">n</subfield>
         <subfield code="2">rdamedia</subfield>
      </datafield>
      <datafield tag="338" ind1=" " ind2=" ">
         <subfield code="a">volume</subfield>
         <subfield code="b">nc</subfield>
         <subfield code="2">rdacarrier</subfield>
      </datafield>
      <datafield tag="504" ind1=" " ind2=" ">
         <subfield code="a">Includes bibliographical references and index.</subfield>
      </datafield>
      <datafield tag="505" ind1="0" ind2="0">
         <subfield code="g">Bd. 1.</subfield>
         <subfield code="t">Vom ausgehenden Mesolithikum bis zur Frühbronzezeit /</subfield>
         <subfield code="r">Silvia Schroer, Othmar Keel --</subfield>
         <subfield code="g">Bd. 2.</subfield>
         <subfield code="t">Die Mittelbronzezeit /</subfield>
         <subfield code="r">Silvia Schroer --</subfield>
         <subfield code="g">Bd. 3.</subfield>
         <subfield code="t">Die Spätbronzezeit /</subfield>
         <subfield code="r">Silvia Schroer --</subfield>
         <subfield code="g">Bd. 4.</subfield>
         <subfield code="t">Die Eisenzeit bis zum Beginn der achämenidischen Herrschaft /</subfield>
         <subfield code="r">Silvia Schroer ; unter Mitarbeit von Barbara Hufft, Philipp Frei, Florian Lippke, Patrick Wyssmann.</subfield>
      </datafield>
      <datafield tag="651" ind1=" " ind2="0">
         <subfield code="a">Palestine</subfield>
         <subfield code="x">Antiquities.</subfield>
      </datafield>
      <datafield tag="651" ind1=" " ind2="0">
         <subfield code="a">Middle East</subfield>
         <subfield code="x">Antiquities.</subfield>
      </datafield>
      <datafield tag="650" ind1=" " ind2="0">
         <subfield code="a">Idols and images</subfield>
         <subfield code="z">Palestine.</subfield>
      </datafield>
      <datafield tag="650" ind1=" " ind2="0">
         <subfield code="a">Idols and images</subfield>
         <subfield code="z">Middle East.</subfield>
      </datafield>
      <datafield tag="651" ind1=" " ind2="7">
         <subfield code="a">Palaestina.</subfield>
         <subfield code="2">pleiades</subfield>
         <subfield code="0">https://pleiades.stoa.org/places/687995</subfield>
      </datafield>
      <datafield tag="650" ind1=" " ind2="7">
         <subfield code="a">Antiquities.</subfield>
         <subfield code="2">fast</subfield>
         <subfield code="0">(OCoLC)fst00810745</subfield>
      </datafield>
      <datafield tag="651" ind1=" " ind2="7">
         <subfield code="a">Middle East.</subfield>
         <subfield code="2">fast</subfield>
         <subfield code="0">(OCoLC)fst01241586</subfield>
      </datafield>
      <datafield tag="651" ind1=" " ind2="7">
         <subfield code="a">Middle East</subfield>
         <subfield code="z">Palestine.</subfield>
         <subfield code="2">fast</subfield>
         <subfield code="0">(OCoLC)fst01207534</subfield>
      </datafield>
      <datafield tag="700" ind1="1" ind2=" ">
         <subfield code="a">Keel, Othmar,</subfield>
         <subfield code="d">1937-</subfield>
      </datafield>
      <datafield tag="776" ind1="0" ind2="8">
         <subfield code="i">Online version:</subfield>
         <subfield code="a">Schroer, Silvia, 1958-</subfield>
         <subfield code="t">Ikonographie Palästinas/Israels und der Alte Orient.</subfield>
         <subfield code="d">Fribourg : Academic Press, 2005-</subfield>
         <subfield code="w">(OCoLC)607525721</subfield>
      </datafield>
      <datafield tag="776" ind1="0" ind2="8">
         <subfield code="i">Online version:</subfield>
         <subfield code="a">Schroer, Silvia, 1958-</subfield>
         <subfield code="t">Ikonographie Palästinas/Israels und der Alte Orient.</subfield>
         <subfield code="d">Fribourg : Academic Press, 2005-</subfield>
         <subfield code="w">(OCoLC)607902080</subfield>
      </datafield>
      <datafield tag="856" ind1="4" ind2="2">
         <subfield code="3">Inhaltstext</subfield>
         <subfield code="q">text/html</subfield>
         <subfield code="u">http://deposit.d-nb.de/cgi-bin/dokserv?id=3148687&amp;prov=M&amp;dok_var=1&amp;dok_ext=htm</subfield>
      </datafield>
      <datafield tag="856" ind1="4" ind2="2">
         <subfield code="3">The George Clapp Vaillant Book Fund Home Page</subfield>
         <subfield code="u">http://hdl.library.upenn.edu/1017.12/366287</subfield>
      </datafield>
      <datafield tag="994" ind1=" " ind2=" ">
         <subfield code="a">Z0</subfield>
         <subfield code="b">ZYU</subfield>
      </datafield>
      <datafield tag="OWN" ind1=" " ind2=" ">
         <subfield code="a">GENERAL</subfield>
      </datafield>
      <datafield tag="AVA" ind1=" " ind2=" ">
         <subfield code="a">NYU50</subfield>
         <subfield code="b">NISAW</subfield>
         <subfield code="c">Small Collection</subfield>
         <subfield code="d">DS111.8 .S37 Non-circulating</subfield>
         <subfield code="e">available</subfield>
         <subfield code="t">Available</subfield>
         <subfield code="f">4</subfield>
         <subfield code="g">0</subfield>
         <subfield code="h">Y</subfield>
         <subfield code="i">0</subfield>
         <subfield code="j">SMALL</subfield>
         <subfield code="k">0</subfield>
      </datafield>
      <marc:datafield tag="852" ind1=" " ind2=" ">
         <marc:subfield code="b">Institute for the Study of the Ancient World, </marc:subfield>
         <marc:subfield code="c">Small Collection</marc:subfield>
         <marc:subfield code="e">15 East 84th St., </marc:subfield>
         <marc:subfield code="e">New York, NY  10028</marc:subfield>
      </marc:datafield>
   </record>